3788 6120
136 315 189 370 'lli
864 294 1028 353 CARllerl.
1570 319 1572 322 <
1731 291 1782 346 trs

137 427 294 499 Agricolam
308 423 447 494 contingat
461 435 550 488 arum,
568 419 719 489 doceatque
737 423 847 486 nepotes
950 416 978 473 A
990 408 1066 476 Quod
1081 416 1173 464 noster
1184 406 1261 476 iubet
1272 404 1317 461 ille
1328 418 1421 471 senex,
1432 405 1477 476 qni
1488 419 1541 461 uon
1556 404 1632 476 piger
1641 405 1732 461 bausit
1794 396 1799 405 '

138 520 198 576 Non
212 517 289 573 abari
304 515 401 581 solum,
416 513 464 569 sed
478 512 521 568 ani
536 525 643 583 quoque
654 511 770 581 jungere
785 507 883 562 lasces.
990 503 1105 559 Numina
1119 500 1302 556 condemnans
1315 497 1405 567 Anyto
1419 498 1535 567 pallente
1548 511 1693 554 venenum.

139 612 279 668 'iernerat
294 616 384 662 mmeu
398 617 427 662 et
445 603 613 676 chlamydes,
634 603 730 673 quibus
743 599 790 656 ille
811 595 939 669 magister
991 596 1119 661 Dixerat;
1135 593 1184 650 ille
1200 592 1279 648 simul
1294 591 1390 661 surgit,
1404 591 1534 662 uultuque
1545 591 1668 648 modesto

139 702 192 759 Per
206 698 374 755 Tartesiacas
388 702 550 766 conspectus
569 692 706 764 splenduit
720 691 812 757 urbes,
991 686 1098 744 Tetrica
1112 685 1222 741 nodosae
1236 682 1409 740 commendat
1423 681 1503 751 pallia
1516 684 1609 740 elatas.

140 795 174 851 Et
187 792 285 865 quibus
294 790 407 862 ingestae
420 787 471 844 sub
484 796 605 857 tempore
616 785 783 857 praelectores
991 778 1140 835 Ambornm
1155 784 1211 831 tum
1224 773 1287 829 dira
1300 787 1393 829 eomas
1405 771 1548 828 viridantis
1563 773 1643 829 olivae

141 883 321 954 Conspicuus,
335 887 444 936 sanctas
457 893 488 935 se
499 877 587 934 reddit
607 876 721 947 praesule
737 874 820 945 leges.
991 866 1061 923 Pace
1076 868 1151 936 ligat,
1167 862 1251 922 nectit
1264 863 1382 929 dextras,
1397 877 1428 917 ac
1440 861 1542 919 loedera
1556 863 1676 931 mandat,

141 976 267 1032 Attamen
283 974 310 1028 in
325 971 418 1028 trabea
429 979 569 1042 segmento
582 969 683 1023 luserat
694 967 760 1030 alto,
991 956 1168 1030 Nymphidius
1182 971 1243 1028 que
1256 962 1350 1010 cernat
1364 967 1445 1018 avus,
1459 954 1556 1024 probat
1567 955 1685 1026 Atropos
1694 972 1783 1026 omen,

146 1065 224 1135 Quod
240 1063 337 1136 priscis
353 1061 458 1117 illustre
472 1061 549 1115 toris.
564 1057 694 1114 ithacesia
710 1055 827 1128 primum
991 1047 1127 1120 Fuleaqne
1139 1046 1289 1104 concordes
1299 1044 1451 1116 inunxerunt
1466 1044 1511 1100 illa
1525 1044 1650 1104 Sorores.

142 1155 257 1225 Fabula,
274 1151 443 1224 Dulichiique
454 1152 525 1207 lares
536 1149 698 1218 formantur,
713 1158 741 1204 et
756 1147 841 1216 ipsam
1217 1177 1303 1249 3⁸1
1320 1174 1462 1232 mm
1483 1175 1554 1232 m·

145 1247 300 1318 Penelopen
314 1244 404 1301 tardas
419 1244 488 1300 texit
501 1243 639 1300 distexere
654 1242 729 1297 telas.
818 1251 821 1258 ’

143 1339 279 1397 mmm
294 1337 338 1394 hic
353 1336 464 1404 stum,
479 1336 521 1392 bis
533 1343 610 1406 mm
621 1331 746 1403 coniuge,
761 1330 853 1401 pulsu
1015 1291 1028 1332 b
1044 1304 1255 1348 socnamsrtcmt
1269 1306 1304 1346 ao
1323 1304 1443 1346 rtusrotr
1458 1305 1590 1346 aeteusstr
1610 1306 1763 1350 triscorort.

144 1415 236 1487 thrax
251 1427 361 1494 ddibns,
376 1426 462 1497 legem
473 1432 614 1496 pstquam
628 1419 888 1484 temeratitAaerul,

145 1521 180 1580 dt
190 1521 320 1594 prodesse
333 1528 440 1591 putans,
457 1517 554 1573 iterum
565 1529 618 1570 nou
630 1512 738 1584 respicit
752 1511 874 1567 umbrant
992 1516 1164 1588 Orpheaque,
1178 1523 1207 1572 et
1219 1515 1326 1571 laticem
1337 1514 1491 1572 simulatum
1506 1514 1587 1572 tontis
1598 1517 1700 1588 equini,

148 1613 196 1669 llic
209 1619 291 1668 noret
305 1611 411 1665 Alceste
423 1607 534 1678 prelato
545 1605 660 1676 conjuge
672 1604 753 1659 vitam
992 1606 1297 1681 Ogygiamqne‘cbelyn,
1308 1606 1373 1679 {qnae
1387 1621 1452 1664 saxa
1467 1608 1593 1679 sequacia
1605 1599 1733 1684 dccteus'

145 1703 286 1772 llumpcre
301 1717 309 1754 t
325 1713 406 1771 qoam
424 1711 521 1755 ceritas
534 1696 679 1753 Parcarum
694 1694 794 1751 uellere
805 1691 834 1748 itt
847 1692 906 1764 ipso
992 1701 1132 1770 Cantibus,
1150 1700 1255 1757 auritos
1268 1700 1357 1757 erexit
1370 1701 1490 1759 carmine
1503 1716 1606 1772 muros,

143 1792 273 1849 Nondum
288 1798 440 1862 pernetam,
454 1787 510 1843 lato
523 1793 666 1858 prestante
680 1786 803 1842 salntem.
954 1778 978 1841 Β
992 1793 1097 1865 Sperne
1112 1792 1186 1860 lldis;
1199 1792 1286 1864 magis
1298 1792 1343 1849 ille
1356 1792 1417 1849 neni
1433 1807 1504 1851 nuno
1517 1795 1628 1867 spiritus
1637 1811 1686 1854 oro

141 1888 193 1944 llio
206 1901 263 1943 nox
275 1893 398 1942 natamm
411 1884 493 1939 Danai
505 1882 612 1939 lucebat
627 1883 656 1938 in
670 1895 749 1947 auro,
992 1880 1150 1938 Pontidoem
1165 1880 1273 1937 dicture
1287 1889 1374 1952 tunm,
1390 1882 1436 1952 qui
1447 1892 1559 1952 pectora
1576 1885 1673 1955 priseae

140 1979 349 2050 Quinquaginta
362 1991 441 2034 enses
454 1975 560 2049 genitor
574 1974 671 2047 quibus
682 1974 781 2044 impius
795 1982 880 2042 aptat,
994 1972 1101 2029 latrasti
1115 1971 1217 2040 itariae,
1234 1971 1344 2042 rapiens
1354 1985 1415 2027 cum
1431 1980 1558 2044 tympana
1571 1974 1661 2033 siccus

139 2070 181 2128 Et
194 2070 245 2126 dat
258 2067 419 2125 concordem
431 2066 565 2123 discordia
580 2065 653 2137 iussa
668 2067 795 2121 lurorem.
994 2061 1074 2118 hrael
1085 2061 1199 2132 appensi
1211 2074 1260 2131 per
1273 2073 1390 2116 concaua
1403 2061 1516 2136 gurgitis
1530 2062 1593 2129 iret,

134 2161 230 2220 sotus
240 2160 459 2230 hypermnestrae
473 2166 596 2213 serratus
610 2169 723 2212 munere
737 2153 860 2226 Lynceus
993 2151 1144 2225 Aggeribus
1154 2151 1270 2209 uallatus
1280 2165 1370 2223 aqum,
1382 2152 1538 2226 mediasque
1553 2169 1603 2226 per
1616 2157 1702 2214 undas

129 2253 261 2324 Effugit,
276 2250 392 2322 aspicias
402 2249 476 2305 illam
492 2248 545 2305 sibl
559 2263 639 2320 parea
650 2255 804 2318 pauentem,
995 2242 1185 2302 Puluerulenta
1196 2251 1272 2298 tunm
1286 2243 1416 2300 clamaret
1431 2244 1510 2301 turba
1525 2245 1703 2319 triumphum.

994 2334 1098 2407 Quique
1115 2349 1224 2391 manum
1235 2333 1328 2392 iudith
1343 2335 1484 2394 ferientem
1497 2337 1568 2394 colla
1581 2338 1735 2399 lloloieruis

994 2425 1106 2493 lusisti,
1121 2430 1217 2484 exciso
1227 2426 1313 2499 jacuit
1324 2441 1385 2484 cnm
1398 2437 1509 2501 gutture
1520 2439 1642 2500 truncus,

994 2502 1144 2589 liflragilis
1156 2519 1247 2575 ualido
1260 2520 1338 2576 latuit
1353 2518 1423 2578 berte
1440 2535 1522 2578 sexus
1537 2525 1565 2579 iu
1579 2525 1646 2582 ictu.

992 1423 1124 1481 Phoebnm
1138 1432 1166 1480 et
1179 1432 1221 1479 ter
1236 1430 1328 1479 ternas
1342 1420 1446 1478 decima
1460 1436 1521 1478 oum
1536 1421 1644 1481 Pallade
1654 1424 1755 1492 lineas,

124 2341 173 2400 Et
188 2357 243 2414 pro
257 2341 369 2397 dimisso
380 2347 482 2394 tantum
496 2338 597 2409 pallere
606 2336 716 2392 marito.-

123 2433 264 2503 Jamqnc
273 2432 367 2488 torem
380 2430 407 2485 iu
420 2429 521 2486 termas
534 2437 629 2494 mutat,
641 2429 739 2500 quibus
753 2429 801 2484 ille
815 2437 907 2484 tenere

114 2521 229 2595 mo
251 2521 465 2593 blnemosyuem,
490 2519 636 2590 Europam,
661 2518 797 2584 Semelen,
827 2517 941 2583 Ledam,

712 2609 903 2685 [Gyrrosnram
993 2611 1180 2680 Expresserat
1194 2609 1240 2680 qui
1255 2610 1397 2680 complens
1409 2610 1444 2666 de
1456 2611 1556 2668 uellere
1570 2613 1681 2684 pellem,

122 2701 284 2773 Serpens,
299 2701 359 2769 bos,
372 2700 485 2770 tulmen,
499 2715 613 2774 cygnus,
625 2702 756 2775 Dictynna
769 2701 884 2759 solebat.

991 2699 1167 2771 lnllolensqne
1179 2700 1276 2757 dehinc
1289 2714 1342 2757 οοιι
1353 2710 1423 2759 tacto
1434 2701 1536 2760 uellere
1547 2713 1658 2773 terram,

124 2794 267 2866 Jamque
286 2809 352 2866 opus
366 2795 394 2851 iu
408 2803 509 2853 turrem
532 2796 640 2860 Danaae,
655 2794 828 2866 pluviamque
842 2794 943 2850 metalli
995 2792 1120 2850 Firmasti
1133 2791 1272 2863 Gedeona,
1288 2792 1359 2849 tubis
1373 2792 1474 2851 inserte
1493 2796 1610 2865 canoris,

120 2884 216 2950 lbat,
230 2897 260 2942 et
272 2885 315 2942 blo
324 2887 378 2942 alio
390 2886 507 2942 stillabat
519 2885 642 2957 iuppiter
652 2899 729 2941 auro.

121 2977 214 3034 Corn
231 2977 308 3048 uirgo
321 2974 456 3046 aspiciens
470 2977 536 3033 ridie
548 2977 689 3034 Tritonida
699 2991 780 3035 uerso

123 3065 275 3136 Lumine,
287 3066 441 3122 doctisenas
454 3077 576 3136 spectare
588 3066 716 3123 libentius
728 3075 801 3123 artes
816 3084 823 3119 ε

123 3157 307 3217 Commorat
317 3168 451 3214 commota
466 3171 571 3224 manus,
587 3171 620 3213 ac
632 3158 730 3228 pollice
743 3157 824 3215 docto

127 3250 266 3322 Pingere
278 3259 293 3288 ¹
305 3249 457 3320 philosophi
467 3248 606 3305 victricem
621 3251 629 3282 ¹
641 3248 725 3305 Laida
738 3249 832 3320 erepit,

130 3343 214 3412 ουκ
229 3339 324 3412 Cynici
339 3354 387 3410 per
400 3349 490 3394 menta
504 3339 566 3407 leri,
578 3349 730 3411 rugosaque
742 3340 822 3408 colla,

131 3430 232 3503 Rupit
241 3429 381 3486 odoratam
393 3429 524 3485 redolenti
537 3427 640 3501 lorcipe
654 3430 776 3486 barbam.

131 3521 269 3580 Subrisit
282 3517 382 3586 Pallas,
392 3530 522 3592 castoque
535 3521 593 3577 baec
605 3521 709 3578 addidit
721 3535 770 3578 ore
784 3538 792 3578 a

134 3613 207 3670 Dora
219 3620 314 3668 nostra
330 3611 443 3667 ulterius
457 3612 559 3668 ridebis
572 3613 707 3684 dogmata,
721 3615 797 3685 virgo

134 3703 316 3773 Philosopho
331 3711 448 3775 nuptura
458 3718 536 3772 meo,
552 3719 630 3775 mage
646 3705 770 3763 dammea
784 3720 906 3774 sumens,

135 3796 206 3854 tane
222 3805 310 3852 mater
322 3796 382 3851 sine
394 3805 466 3852 texat
478 3809 556 3866 opus.
573 3795 711 3868 Gonanrge
725 3796 873 3869 sopitorum

137 3887 296 3959 Egregium
309 3883 412 3942 Polemi
423 3888 516 3953 dee-us,
532 3901 564 3943 ac
579 3902 651 3944 nunc
660 3888 745 3945 stoica
760 3889 867 3946 tandem

95 4024 97 4028 »
138 3978 225 4038 bons
243 3977 400 4048 supercilii,
416 3985 444 4034 et
458 3975 574 4049 Cynicos
590 3978 708 4036 imitatus
721 3990 855 4049 amantes,

136 4068 268 4143 incipias
286 4070 384 4126 iterum
400 4085 511 4142 paruum
526 4071 591 4127 mihi
608 4072 680 4129 lerre
694 4073 819 4130 Platona.

137 4158 305 4219 lierentem
317 4161 363 4216 tali
378 4160 521 4231 compellat
533 4176 601 4218 uoco
619 4163 764 4234 magister;

135 4249 237 4325 Perge
250 4250 353 4320 libens,
366 4266 419 4309 neu
435 4262 463 4308 tn
472 4253 584 4309 damnes
595 4253 710 4310 tortasse
717 4252 805 4325 jugari

184 4476 214 4534 la
232 4474 284 4533 luit
302 4491 389 4534 annus
408 4474 705 4550 ChristiDionpsiauus
718 4477 781 4536 Ali.
810 4478 840 4534 ln
859 4477 947 4537 altero
1000 4494 1074 4541 ctum
1096 4481 1129 4536 ad
1149 4481 1229 4551 epist.
1251 4481 1280 4547 3,
1300 4478 1347 4534 lib.
1362 4495 1400 4533 tx.

994 2880 1123 2955 Spiritus,
1136 2892 1164 2940 et
1173 2884 1232 2940 solo
1243 2883 1317 2940 uenit
1329 2882 1440 2940 victoria
1454 2893 1544 2942 canito.

993 2974 1098 3045 Quique
1108 2975 1189 3030 etiam
1201 2983 1368 3045 assumptum
1384 2975 1507 3045 pecorosi
1518 2975 1552 3032 de
1565 2992 1647 3051 grege
1659 2989 1670 3021 ⁸
1685 2981 1762 3040 lesse

995 3065 1098 3121 Alllasti
1112 3079 1215 3137 regem,
1228 3066 1350 3137 plaustro
1365 3079 1427 3122 cum
1441 3066 1554 3126 loederis
1569 3083 1660 3129 arcam

956 3145 980 3211 C
996 3151 1139 3230 imponens
1151 3157 1247 3228 hostis,
1262 3157 1337 3214 nullo
1348 3157 1508 3216 moderante
1520 3159 1647 3231 bubulco,

995 3249 1125 3306 Proderet
1136 3248 1282 3305 obscenum
1297 3248 1415 3319 turgenti
1431 3248 1528 3320 podice
1540 3254 1674 3310 morbum.

995 3341 1099 3413 Quique
1113 3340 1192 3396 trium
1203 3339 1337 3412 qnondam
1349 3355 1493 3411 puerorum
1508 3343 1535 3397 in
1552 3345 1628 3402 lance
1640 3349 1752 3415 sonasti,

995 3434 1070 3499 Quos
1087 3431 1114 3485 in
1128 3428 1246 3485 chaldei
1262 3430 1366 3499 positos
1377 3429 1485 3487 lornaoe
1498 3433 1616 3503 tyranni,

996 3522 1112 3579 Roscida
1124 3521 1266 3577 conibnsto
1278 3519 1423 3577 madetecit
1434 3520 1542 3579 damma
1555 3524 1671 3581 camino.

995 3615 1076 3687 382
1091 3613 1196 3682 Quique
1209 3609 1371 3668 volubilibus
1383 3611 1543 3682 spatiantem
1559 3615 1689 3673 tractibus
1699 3618 1753 3675 alui

997 3703 1142 3777 Complesti
1159 3703 1266 3769 tottam,
1281 3709 1410 3760 resonant
1425 3702 1490 3760 dum
1504 3704 1609 3762 uiscera
1624 3710 1737 3766 monstri

998 3798 1146 3855 introrsum
1157 3795 1289 3868 psallente
1300 3794 1371 3862 cibo,
1382 3796 1425 3851 uel
1441 3796 1558 3868 pondera
1573 3801 1676 3858 neutris

995 3890 1095 3961 sisinni,
1109 3887 1235 3960 plenique
1248 3896 1336 3945 tamen
1347 3896 1408 3944 rate
1420 3887 1593 3957 intemerato,

997 3981 1094 4036 linerat
1107 3977 1189 4034 cruda
1204 3977 1303 4043 tames,
1319 3991 1400 4048 quem
1413 3975 1618 4048 singultantibus
1630 3982 1701 4037 extis

996 4070 1126 4128 Esuriens
1138 4067 1241 4124 vomuit
1256 4079 1390 4136 suspenso
1405 4066 1497 4123 bellna
1510 4081 1612 4124 morsu.
1722 4079 1724 4083 ·

997 4162 1102 4234 Quique
1114 4159 1211 4232 duplex
1226 4156 1359 4229 quondam
1376 4156 1472 4214 uenisti
1484 4160 1510 4213 ln
1526 4164 1620 4229 pectus
1635 4159 1730 4232 litiset,

1000 4252 1147 4312 Thesbiten
1162 4264 1224 4305 cnm
1235 4247 1306 4305 totto
1319 4262 1412 4306 senem
1422 4247 1478 4320 jam
1490 4249 1631 4308 llammens
1644 4252 1703 4309 axis
1764 4298 1770 4316 .
1814 4324 1820 4334 ἱ

1034 4413 1105 4469 l’De
1128 4410 1227 4466 Fausto
1245 4408 1372 4465 liciorum
1392 4406 1587 4533 Agellinarium
1607 4407 1735 4480 episcopo
1748 4411 1792 4468 di·

1438 4479 1445 4533 i
1467 4492 1538 4533 nnnc
1557 4481 1658 4548 gratias
1675 4480 1732 4550 agit
1745 4482 1795 4538 du·

136 4542 248 4608 codice
261 4547 475 4604 Antisiodorettsi
494 4549 587 4603 cadem
611 4548 767 4605 constitutio
784 4549 882 4605 iactum
901 4565 950 4621 ap-
1000 4555 1062 4626 plici
1074 4553 1110 4608 dc
1126 4565 1218 4620 causa,
1232 4560 1289 4605 tum
1308 4549 1379 4630 quod
1397 4548 1517 4618 germani
1532 4547 1622 4606 iratris
1641 4549 1682 4606 sni
1697 4553 1793 4609 adole·

136 4619 284 4693 pellatur,
298 4619 333 4672 ab
345 4618 488 4674 llincruaro
510 4619 637 4674 edietum.
653 4618 714 4674 Exi
750 4620 773 4675 is
786 4631 876 4675 antem
889 4620 949 4691 ejus
1001 4623 1145 4688 scentiam,
1166 4620 1194 4676 id
1212 4629 1255 4676 est
1270 4631 1385 4674 amicam
1407 4617 1479 4674 titiis
1503 4627 1622 4685 atatem,
1643 4621 1795 4692 disciplinas

136 4688 257 4755 verbis,
272 4695 301 4742 nt
318 4687 370 4742 alia
383 4688 473 4744 desint
483 4699 652 4758 argumenta,
665 4687 717 4745 laci
728 4706 743 4745 e
754 4699 797 4746 est
810 4690 948 4761 colligere,
999 4710 1056 4752 snae
1069 4691 1240 4748 commissam
1256 4688 1370 4745 lideliter
1386 4689 1500 4754 rexerit,
1516 4698 1571 4744 tum
1586 4691 1659 4760 quod
1674 4692 1794 4763 seipsum

141 4757 229 4815 illam
242 4772 294 4812 nec
312 4757 345 4814 ad
360 4757 565 4813 Constantinum
581 4768 724 4831 tyranuum
739 4760 835 4817 reterri
855 4775 947 4831 posse.
1000 4764 1083 4821 lteios
1107 4763 1171 4818 olim
1194 4758 1343 4829 proiectum
1362 4766 1486 4814 amanter
1507 4761 1655 4832 exceperit,
1679 4765 1713 4818 ad
1737 4779 1794 4822 ma·

137 4843 217 4886 oum
231 4828 313 4897 hujus
331 4828 497 4899 aliorumque
511 4839 683 4900 tyrannorum
703 4830 833 4886 desidiam
854 4840 948 4897 rotela
1001 4845 1124 4902 tremque
1137 4828 1308 4886 salutmdam
1320 4828 1472 4884 deduxerit.

143 4913 207 4955 mec
219 4898 254 4952 ad
268 4899 471 4952 Coristautinum
487 4898 622 4966 llagrinm,
636 4900 758 4970 quamtis
774 4901 818 4956 liic
833 4902 949 4971 primum

1037 4912 1049 4945 ⁸
1071 4901 1207 4968 Memoriae
1220 4900 1320 4969 lapsus.
1333 4898 1416 4954 Dauid
1427 4901 1498 4954 euim
1510 4912 1600 4954 eoram
1610 4915 1670 4957 arca
1684 4903 1794 4971 cecinit,

145 4966 356 5024 Arelatensium
378 4967 439 5023 urbi
453 4967 639 5025 Constantium
659 4985 756 5025 nomen
776 4971 948 5041 imposuerit,
1000 4973 1216 5032 etsaltauitoum
1228 4968 1794 5039 illaexaedibnsAbinadabadObed·Edon,

150 5052 219 5093 cnm
244 5036 314 5093 inira
342 5037 400 5107 ejus
432 5046 539 5092 aetatem
562 5054 614 5094 non
643 5040 731 5096 solum
755 5040 897 5098 Petronius
922 5053 950 5098 et
1001 5044 1117 5110 irideqne
1127 5043 1153 5098 in
1164 5041 1259 5097 urbem
1271 5038 1385 5096 deducta
1398 5047 1450 5095 ert.
1465 5039 1486 5094 ll
1501 5040 1615 5112 Regum,
1630 5055 1669 5098 vt.
1681 5043 1716 5098 At
1731 5044 1796 5100 Phi-

158 5106 241 5179 140
263 5107 386 5175 Agricola
405 5106 534 5177 preelecti,
554 5124 646 5163 acrum
662 5113 741 5166 etiam
760 5121 863 5182 septem
885 5112 950 5169 Gal·
1001 5113 1083 5170 littaei
1100 5123 1164 5169 ante
1179 5110 1297 5177 Dauidis,
1313 5110 1368 5164 imo
1382 5119 1444 5164 ante
1458 5109 1546 5166 Saulis
1570 5113 1641 5182 regis
1654 5113 1796 5183 inaugura·

150 5178 198 5232 ttae
215 5175 413 5246 prouinciarum
429 5177 526 5233 divisio
538 5177 627 5234 luerit.

1001 5185 1114 5250 tionem,
1136 5181 1209 5238 loedo
1226 5180 1274 5236 lllo
1291 5179 1403 5236 uulnere
1421 5182 1554 5250 percussi,
1570 5197 1660 5239 arcam
1677 5184 1795 5255 plaustro

193 5255 206 5285 ¹
224 5248 389 5317 Diogenis‚a
406 5262 458 5317 quo
478 5247 586 5302 haidem
608 5264 719 5305 risorem
737 5249 844 5306 dumam
859 5251 950 5322 prodit
1000 5257 1061 5311 siue
1082 5263 1189 5309 rectore
1206 5250 1362 5306 sectandam
1384 5250 1567 5320 imposuerant
1582 5271 1590 5307 ε
1604 5268 1658 5322 qno
1671 5263 1794 5321 tempore

150 5314 302 5381 Lucienus,
312 5318 426 5378 ἰληθνῡς
437 5320 561 5406 ‘tempise-
571 5334 600 5372 ιι.
615 5323 729 5391 Διογένης
740 5323 785 5392 μὲν
799 5321 949 5384 disserite
1000 5340 1061 5379 curn
1076 5324 1103 5379 in
1116 5337 1181 5393 agro
1193 5329 1289 5391 sponte
1304 5320 1482 5389 constitisset,
1499 5323 1570 5378 illata
1585 5331 1627 5378 est
1642 5323 1668 5377 in
1681 5321 1793 5379 domum

148 5393 278 5443 τοσοῦτον
283 5387 405 5458 pasitele
411 5394 456 5442 τοῦ
464 5408 568 5462 rpoirou,
579 5392 646 5445 hors
654 5399 736 5463 γῆμαι
741 5390 872 5452 Atridarum
880 5394 950 5448 ι’ταί·

149 5475 217 5532 μιν,
227 5457 367 5534 ὀρχεῖσθαι
380 5459 406 5513 τὶ
418 5458 469 5513 ὑπὸ
485 5461 562 5531 ptem
576 5462 740 5532 &iteraremus
752 5465 792 5517 sel
804 5472 947 5537 παροινεῖν.

1001 5393 1151 5450 Abimdab.
1165 5393 1176 5448 l
1190 5393 1304 5461 ltegum,
1319 5406 1345 5446 rr
1358 5397 1388 5447 et
1401 5406 1448 5448 ru.

192 5591 199 5622 ¹
215 5588 355 5645 Fabricius
373 5587 441 5644 bist.
457 5589 505 5646 Gr.
520 5600 584 5648 tout.
603 5592 648 5658 ΙΙΙ,
669 5609 728 5665 pag.
743 5594 807 5662 tbi,
830 5593 948 5650 miratur
1001 5561 1255 5671 sirmiensem:
1270 5596 1317 5651 lib.
1335 5610 1364 5661 n,
1383 5594 1458 5662 quasi
1475 5608 1539 5649 uere
1553 5593 1603 5650 boc
1616 5599 1792 5670 citntigissot;

154 5657 331 5714 sirmondum
353 5659 387 5714 ad
407 5659 477 5714 buue
495 5662 596 5718 Stilonii
613 5666 700 5719 tonm
715 5665 859 5720 adnotasse
881 5665 945 5722 Lai·
1001 5682 1063 5722 cum
1083 5668 1110 5736 iu
1131 5666 1166 5722 iis
1190 5665 1267 5724 libris
1288 5666 1455 5724 narrationes
1480 5663 1557 5723 llctas
1575 5669 1716 5740 scripserit
1736 5672 1792 5731 bu-

157 5732 219 5786 dam
231 5729 260 5786 in
269 5743 382 5786 uxorem
390 5729 497 5786 ductam
511 5746 527 5789 a
542 5732 658 5803 Diogene
672 5735 772 5806 Cynico
782 5750 816 5792 cx
830 5735 942 5792 lanciani
1002 5739 1105 5793 cianus.
