3788 6120
684 141 920 199 EPISTULARUM
941 140 1004 197 llll.
1024 141 1057 200 tt.

95 271 230 328 uniente
239 268 401 323 scitantem,
419 256 544 327 qrobabat
555 263 737 325 competenter
746 256 847 325 ingres
861 260 886 320 Α
900 254 947 308 tati
959 268 1038 324 quem
1051 251 1210 308 uerecundia
1221 266 1274 306 non
1295 252 1415 321 adliibet,
1439 230 1529 309 cbaita
1546 267 1619 323 potin

95 368 154 420 t⁸
188 352 275 425 quinta
302 347 464 423 digrediens.
498 344 697 402 Prandelamns
719 345 848 412 breviter,

95 455 188 513 lose,
201 440 362 501 tatianoriutir
375 440 409 495 ad
423 453 537 503 itteram,
550 452 604 508 qtto
619 437 727 492 insitum
742 437 851 493 institn-

95 552 192 610 ,que,
207 531 301 587 riinltas
318 531 412 600 epulas
427 530 518 598 paneis
532 528 719 599 paropsidibus
733 528 851 598 apponi:

95 632 190 691 nivis
202 625 351 681 conritiiini
366 639 413 695 per
425 622 512 679 edulia
528 635 598 677 nune
608 635 678 688 assa,
692 636 763 677 nnuc
775 621 853 692 iuru-

95 745 109 783 ι
133 724 279 777 varietur.
304 719 375 772 luter
390 714 534 771 bbendum
555 714 772 780 narratiunculae,
784 726 852 783 qua·

94 810 253 879 icognltu
285 806 462 862 hilararemur
489 805 760 873 institueremurque,
791 803 852 874 qnia

97 906 244 965 ltisaritui
257 901 371 968 orditas,
386 899 475 955 laetitia
486 899 635 970 peritiaque
645 898 852 952 comitabantur.

95 1001 110 1056 tl
129 995 251 1053 multat
265 993 374 1057 Sancte,
389 991 512 1060 pilente,
527 989 693 1043 abundanter
705 987 851 1057 accipit-ba·

95 1108 116 1147 r.
139 1086 217 1141 inde
228 1090 381 1152 surgentes,
394 1080 407 1120 ¹³
421 1082 443 1137 si
457 1081 588 1149 voroangi
601 1092 719 1145 eramus,
734 1079 797 1149 (lton
808 1075 853 1133 uiti

95 1179 165 1236 edio
181 1172 285 1246 nometi)
296 1173 330 1228 ad
344 1174 464 1228 sarcinas
477 1182 504 1227 et
518 1171 551 1225 ad
566 1171 741 1227 diversorium
757 1170 853 1240 pedem

95 1269 248 1329 utebamur
259 1282 267 1321 t
278 1267 299 1320 si
316 1263 435 1320 Prusiani
451 1263 500 1335 (sie
516 1262 613 1317 luridus
626 1262 694 1317 alter
716 1274 853 1330 nuncupa·

95 1360 149 1433 ter)
169 1359 330 1415 Tonantium
345 1372 406 1411 eiirn
423 1355 559 1419 iratribus
582 1353 743 1410 lectissimos
756 1366 853 1422 teqnae·

95 1467 160 1513 rim
178 1448 301 1507 nobilium
317 1447 464 1518 principes,
482 1446 572 1500 stratis
591 1447 648 1499 auis
667 1444 851 1515 ejiciebamus,

95 1546 124 1601 iia
136 1557 196 1599 taen
208 1542 285 1597 laeile
299 1542 354 1613 52)
366 1540 462 1594 crebro
485 1538 613 1593 cubilium
633 1546 784 1592 nostrornm
809 1537 852 1591 iii·

902 349 1019 416 Quarum
1032 358 1139 416 quoque
1152 344 1291 413 replicatio
1301 344 1352 418 51
1365 345 1440 402 tieret
1451 360 1555 402 antoeita
1567 361 1623 402 natt

902 437 954 493 nisi
973 436 1093 506 epistola
1105 446 1208 506 tergum
1223 435 1337 491 madidis
1358 437 1494 495 siitdidaie
1504 439 1631 494 calaniisi

903 527 1082 583 beseercmtis.
1095 526 1148 603 Sed
1163 525 1207 597 qni
1220 534 1248 583 et
1267 525 1317 596 ipsi
1339 530 1365 582 iii
1380 530 1516 597 procinctu
1530 509 1632 597 sumus,

902 637 954 691 qne
968 620 1018 675 stib
1030 634 1082 689 ope
1101 619 1198 674 Christi
1214 628 1333 675 aetiituut
1354 621 1431 677 uoltis
1455 622 1569 679 inrisere
1590 624 1640 694 plat

903 712 1057 779 expeditius
1068 713 1114 768 tilii
1129 727 1212 767 omnm
1226 716 1373 768 amicornm
1388 714 1414 768 iti
1430 730 1489 769 inea
1503 731 1578 772 trena
1592 728 1651 785 tnaq

903 804 1184 858 commemorabuntur
1196 819 1203 854 t
1217 803 1297 856 tniidn
1313 819 1361 856 nos
1376 805 1573 873 quamprimum
1588 808 1655 861 ltebd

905 897 989 949 tradis
1001 905 1104 952 exactae
1117 896 1201 964 spatia
1216 896 1346 965 completa
1360 897 1455 952 antina
1474 900 1614 954 restituant
1628 915 1662 955 es

904 988 1021 1042 rilindi:
1044 989 1104 1057 qttia
1131 987 1279 1055 dteinpnnn
1307 1003 1390 1057 ganea
1421 990 1588 1044 aloitiaclittm
1617 994 1669 1046 titiii

903 1078 1003 1134 sarcire
1016 1092 1060 1134 res
1073 1077 1168 1135 melius
1181 1093 1260 1148 quain
1277 1079 1440 1148 parcimonia
1455 1081 1534 1135 solet.
1549 1081 1620 1137 lale.

1188 1231 1407 1292 Epistulam.

1054 1389 1177 1446 Sidonius
1191 1387 1204 1428 d
1218 1390 1401 1462 Hesperiosuo
1416 1393 1534 1450 tolittcin.

939 1539 1005 1593 ditio
1025 1540 1051 1594 iii
1066 1549 1091 1595 te
1112 1541 1183 1611 quod
1205 1541 1308 1598 litteras
1332 1558 1426 1611 anias,
1449 1553 1477 1599 ιι
1500 1561 1688 1618 usquequaque

95 1641 215 1692 tamenta
225 1631 490 1687 eircumltrebtltwl·
514 1629 658 1683 illelmi
676 1637 783 1696 torpore
798 1643 854 1680 ¹¹¹st-
870 1619 892 1680 Β
907 1632 1046 1700 praeuntis
1064 1633 1284 1688 cumulatissimis
1306 1635 1431 1690 excolere
1453 1638 1586 1693 contendo
1610 1650 1690 1697 ιιιιιιιι

95 1726 185 1793 iditum
197 1724 333 1796 paulisper
346 1723 541 1794 equitabam-is,
564 1738 617 1792 qno
631 1721 732 1777 lucilius
746 1730 855 1790 pectora
906 1724 1050 1792 diligentiae
1064 1723 1269 1793 generositatem
1291 1739 1339 1794 per
1351 1740 1429 1795 qntni
1445 1729 1521 1782 noli's
1536 1745 1588 1783 tioti
1603 1731 1689 1786 sidunt

95 1816 190 1873 titieiila
202 1817 268 1872 cibis
279 1815 433 1872 cantione
449 1813 511 1868 lanii
526 1828 729 1869 ‹exacuereitine
746 1813 855 1867 ltaliieas
905 1814 979 1869 initia
995 1823 1050 1881 tua,
1075 1829 1166 1869 terum
1191 1815 1271 1870 etiam
1291 1815 1377 1871 studia
1401 1829 1491 1872 nostra
1506 1821 1689 1876 commendas.

95 1906 186 1963 bleta
196 1918 308 1979 uterque
319 1910 418 1975 nospes
433 1907 459 1961 iit
472 1920 564 1975 opere,
581 1906 607 1958 in
622 1920 671 1958 tittu
686 1914 779 1959 neuter
790 1922 796 1956 :
808 1903 856 1957 sed
906 1906 971 1962 Nam
993 1922 1053 1962 ettiit
1073 1908 1194 1961 ridemus
1207 1907 1233 1961 iti
1249 1905 1399 1976 huiusmodi
1415 1908 1582 1979 disciplinam
1598 1909 1690 1980 inuin-

95 2008 141 2053 ttu
161 2001 199 2057 rel
224 1998 399 2071 pauxillulum
428 1998 520 2053 bibere
547 1996 672 2050 desiisset
693 1996 855 2050 asseclarum
905 2014 964 2053 tuin
980 1997 1280 2067 ingeniasnccrescere,
1302 2007 1502 2070 propterquam
1522 2014 1690 2071 unaquoque

95 2099 193 2147 flentum
217 2090 431 2159 laniulorumque
454 2087 529 2142 turba
554 2087 719 2156 tompotriti,
742 2102 855 2154 quornm
905 2087 1078 2144 subduximus
1093 2088 1183 2144 iernlae
1197 2103 1315 2151 matium,
1336 2090 1552 2158 copiosissimum
1576 2091 1690 2147 sructura

95 2178 191 2236 Metita
215 2179 360 2248 hospitales
380 2189 493 2233 ordienti
517 2178 627 2230 niutitun
657 2178 790 2231 ltnttterstlt
808 2176 855 2231 titt·
906 2182 991 2237 nogipi
1007 2181 1106 2238 iabopig
1128 2181 1309 2250 adipiscimur,
1332 2180 1399 2236 liiqqi
1413 2197 1527 2251 appone,
1548 2183 1618 2253 quod
1633 2194 1690 2237 qqqq.

95 2264 250 2337 trinalium,
273 2271 360 2325 uicina
386 2269 450 2324 lonti
472 2277 518 2322 aut
542 2268 621 2321 flutio
644 2269 739 2335 raptim
762 2267 855 2322 scrobs
907 2283 962 2329 titia
983 2273 1115 2330 increbuit
1139 2273 1282 2329 multitudo
1296 2273 1503 2338 desidiosorum,
1527 2281 1555 2329 ut
1579 2274 1628 2333 nisi
1648 2274 1691 2329 nel

95 2354 230 2430 menni,
245 2363 271 2417 in
282 2375 362 2431 qnam
376 2360 443 2415 torte
457 2373 518 2414 euin
533 2358 656 2412 cuinulns
670 2357 786 2426 lapidiiin
799 2373 857 2411 arti-

95 2455 171 2509 Ιῑιιι
185 2452 380 2516 demitteretur,
405 2462 483 2505 antro
506 2452 531 2504 iti
553 2447 726 2517 bettiispberii
744 2448 855 2503 lortnatn

95 2544 174 2613 *tylis
185 2542 316 2600 flexilibus
331 2543 448 2608 intexto,
472 2541 543 2596 iiisaa
565 2540 737 2596 inardescens
751 2540 855 2610 eperic-

95 2640 173 2692 lltai:
185 2636 222 2693 sie
233 2642 323 2691 tamen
334 2644 364 2689 ut
378 2632 606 2705 superiectisCili.
616 2649 659 2686 nin
673 2623 750 2701 ielis,
765 2646 857 2702 paten-

907 2367 1059 2438 paucissimi
1071 2366 1170 2436 quique
1182 2379 1283 2421 meram
1300 2365 1413 2419 Latiaris
1430 2366 1524 2433 lingua
1544 2366 1691 2433 proprieta-

908 2472 960 2515 tem
973 2459 1006 2513 dn
1020 2459 1166 2513 trivialium
1187 2457 1414 2513 barbarismorum
1435 2455 1558 2525 rubigine
1575 2456 1691 2510 uindica-

907 2553 1010 2618 ueritis,
1024 2565 1083 2605 eant
1095 2550 1168 2605 breti
1182 2549 1307 2604 abolitam
1324 2549 1470 2605 delleanitis
1486 2549 1690 2617 interitamque:

907 2645 947 2696 sio
957 2656 1050 2696 titnttes
1061 2640 1191 2695 nobilium
1203 2654 1356 2693 sermonum
1369 2654 1492 2709 purpure
1504 2653 1550 2706 pcr
1562 2639 1692 2693 incuriam

95 2735 107 2773 Ι
128 2725 259 2783 intervalia
272 2729 417 2796 virgarum,
433 2724 659 2789 imminendum,
671 2726 855 2793 tenebrantur,
906 2732 977 2801 vulgi
993 2731 1226 2786 decolorabuntur.
1252 2728 1304 2785 Sed
1325 2729 1417 2784 isthaec
1440 2729 1516 2783 alins.
1537 2729 1639 2785 interea
1664 2739 1691 2783 ltt

95 2827 198 2883 l{autent
222 2820 359 2889 repulsura
383 2818 539 2883 sa'icntein,
566 2818 610 2887 qui
632 2818 710 2872 undae
730 2819 856 2873 terreatis
906 2825 977 2893 quiid
998 2823 1065 2892 petis
1087 2821 1187 2890 aei-ipe.
1208 2820 1280 2875 Petis
1306 2831 1394 2874 atttetn
1416 2836 1440 2874 u·
1462 2822 1483 2874 si
1498 2821 1543 2889 qui
1567 2816 1691 2875 versiculi

95 2913 211 2983 pagine
236 2911 379 2967 flammatis
399 2911 520 2966 silicibus
541 2911 693 2967 eienditur.
715 2912 763 2965 llic
778 2912 855 2966 nuliis
908 2913 972 2969 inilii
993 2910 1135 2973 duxerunt,
1151 2911 1203 2983 52
1215 2918 1354 2981 postquam
1368 2911 1403 2964 ab
1421 2909 1549 2965 alterutro
1563 2909 1693 2963 dicessi-

100 2996 246 3059 thdantui
273 3003 365 3067 bure,
391 3016 443 3056 ttoti
466 3001 567 3069 absque
590 3002 758 3056 sermonibus
778 2983 891 3056 salsisC
907 3020 977 3071 nius,
991 3003 1040 3057 bos
1060 3002 1105 3063 itui
1126 3001 1299 3072 ptoqttadatn
1314 3017 1448 3056 tantarum
1460 3004 1583 3056 mei-cede
1597 3016 1695 3070 pernit-

107 3092 300 3164 taurinusque
327 3106 396 3163 qnos
409 3093 479 3146 inter
497 3091 580 3146 ltalitn
601 3092 704 3148 nebule
719 3093 857 3148 stridentis
909 3109 1022 3150 merem.
1044 3093 1121 3148 Dicto
1137 3107 1228 3163 pareo,
1252 3091 1317 3147 Nam
1341 3093 1412 3163 prad
1425 3101 1468 3146 tus
1482 3107 1522 3153 es,
1545 3105 1695 3161 tqttaiiqnatn

115 3182 198 3250 tetta,
220 3182 400 3251 involutisque
422 3182 612 3237 adhiberemus
633 3182 716 3238 sudor
734 3183 857 3238 elicieba-
906 3187 1023 3256 J'uienis,
1049 3187 1099 3242 ltac
1121 3185 1204 3240 attinti
1227 3185 1389 3249 maturitate,
1414 3194 1442 3238 ut
1465 3183 1511 3238 tibi
1532 3183 1611 3238 etiam
1632 3192 1697 3238 natu

130 3288 199 3347 :qun
212 3282 291 3346 prout
301 3274 421 3328 libuisset
436 3272 532 3337 ndum,
547 3274 687 3328 coctilibus
697 3275 774 3345 aquis
784 3275 857 3344 iuge·
910 3280 1012 3343 priores
1036 3291 1131 3347 gerere
1158 3290 1260 3330 moreni
1282 3275 1514 3344 conciiplseamut.
1540 3283 1552 3312 ⁰
1577 3274 1696 3329 Ecclesia

126 3366 363 3433 :eremitarumque
375 3365 429 3417 lotii
439 3365 596 3419 crudititoni
609 3376 727 3419 nostraiit
737 3376 857 3435 tergente
909 3387 995 3441 nuper
1008 3379 1146 3425 exstructa
1167 3368 1288 3438 Lugduni
1303 3376 1355 3431 est,
1370 3382 1430 3436 qttte
1448 3365 1538 3420 studio
1551 3379 1626 3434 papae
1645 3364 1698 3419 Pa·

131 3452 194 3522 dcli,
216 3467 262 3511 aut
285 3454 395 3509 liiiitano
415 3455 541 3524 deinceps
560 3455 670 3523 trigiire,
694 3458 856 3526 putealique,
911 3462 1000 3519 olentis
1014 3475 1147 3517 summum
1164 3458 1243 3530 eoepti
1268 3458 1357 3528 operis
1379 3457 1503 3523 accessit,
1527 3458 1576 3512 iiii
1600 3458 1697 3519 sancti,

148 3544 238 3602 lnitatt
261 3548 339 3615 eopia
362 3544 553 3600 saldioanui.
576 3545 712 3615 Siquidem
735 3548 857 3602 dontibus
911 3552 1022 3617 streuui,
1047 3551 1146 3618 aeteri,
1171 3548 1371 3618 misericordis,
1396 3547 1495 3618 quique
1516 3563 1564 3618 per
1588 3547 1698 3604 ubetem

143 3636 179 3693 ‘tat
189 3638 210 3692 it
225 3638 331 3692 vuardo
344 3636 451 3701 dittiui,
462 3636 512 3690 nisi
528 3652 587 3692 cum
599 3638 684 3693 delita
696 3641 757 3695 nite
769 3650 826 3708 past
839 3653 859 3696 s
911 3643 1121 3699 niitnitietntiam
1133 3643 1159 3696 iri
1174 3654 1303 3711 pauperes
1314 3639 1570 3711 humanitatemque,
1584 3654 1636 3694 noti
1647 3641 1698 3694 nti·
1746 3700 1749 3705 ,

152 3728 204 3786 littit
216 3728 293 3785 nnis
309 3727 389 3783 tuber
402 3726 512 3795 glareis,
535 3737 563 3783 et
578 3730 740 3797 peraticum
755 3729 857 3801 perspi·
912 3751 976 3791 nort
992 3736 1069 3790 bonne
1090 3733 1261 3790 conscientie
1282 3731 1398 3788 culmina
1420 3732 1500 3787 levet.
1523 3730 1605 3803 linitis
1620 3731 1700 3802 igitur

170 3820 284 3892 quietus,
310 3818 525 3885 calculosusque,
551 3834 637 3887 ticqtte
658 3821 692 3876 nb
705 3820 756 3876 ltoe
771 3822 858 3878 mitius
912 3827 976 3881 tedis
991 3823 1110 3888 extimis,
1122 3832 1215 3893 rogatu
1229 3821 1333 3893 praelati
1346 3820 1483 3887 antistitis,
1497 3822 1700 3876 tumultuarium

163 3926 187 3967 itt
212 3910 286 3965 ierat
313 3908 499 3963 delicatorum.
526 3908 645 3964 inicerent
668 3921 695 3965 ct
716 3927 818 3981 coeiias,
833 3921 861 3968 et
911 3930 1020 3972 carmen
1045 3914 1168 3984 inscripsi
1186 3912 1311 3968 trocitaeia
1335 3913 1499 3982 triplicibus,
1527 3912 1616 3967 adlinc
1636 3913 1701 3967 milii

169 4000 378 4064 tunenssiinas,
394 3998 444 4052 nisi
467 4000 610 4055 terminum
629 4012 728 4058 nostiae
741 4002 861 4074 loquaci·
911 4007 1021 4078 iamque
1035 4003 1083 4061 tibi
1096 4001 1330 4075 perliniitlaitous.
1351 4001 1471 4070 Natnque
1492 4001 1526 4056 ab
1540 4001 1703 4056 hexametris

181 4155 748 4289 “litltlldtltutttlffl‘
761 4161 822 4231 Μ
837 4159 862 4214 ‘⁹
912 4152 1618 4284 ..iltili.¹ldttlttltdlllttttltlt
1632 4152 1697 4288 lit·

319 4268 325 4281 ι
444 4259 454 4282 0
572 4265 579 4280 a
1305 4267 1312 4280 .
1624 4250 1633 4274 t
1693 4252 1701 4263 ·

189 4248 400 4355 aestuantium
416 4249 515 4356 ndaytfia.
530 4297 659 4350 tlninnini
673 4297 740 4364 apud
753 4265 898 4352 veteres„
914 4301 1030 4354 lintrem.
1053 4248 1197 4354 emelianus
1214 4309 1273 4352 erat
1293 4295 1419 4352 Totiantil
1433 4295 1560 4349 Ferreoli.
1578 4293 1697 4361 Unaque

194 4377 206 4425 t
219 4367 389 4437 inaequalium
406 4382 485 4440 :qnae
499 4366 628 4419 duodena
639 4367 665 4419 iii
676 4365 733 4420 dies
743 4368 860 4437 singulus
912 4370 975 4424 tilla
990 4369 1024 4423 ad
1041 4368 1202 4422 li'atdnnetn
1222 4367 1344 4430 lintrium,
1368 4366 1412 4436 qui
1432 4380 1481 4433 per
1496 4363 1590 4417 volcas
1603 4364 1703 4417 Areco-

198 4448 225 4495 ltt
243 4439 308 4493 solit
320 4438 353 4493 ad
377 4452 500 4494 oceasum
518 4439 734 4500 numerabantur,
751 4437 861 4491 totidem
913 4439 997 4493 miens
1009 4439 1178 4493 etnltitttrln
1190 4437 1358 4495 thodanum.
1370 4443 1475 4488 tettisto
1489 4442 1603 4503 ponteet
1614 4446 1704 4501 atquae·

204 4518 350 4565 mutieres.
367 4511 425 4576 tino
439 4510 519 4564 tiebat
533 4515 561 4559 nt
586 4520 635 4574 pro
658 4506 760 4559 diernin
783 4507 862 4561 modo
913 4511 995 4563 ductii
1022 4516 1164 4563 structure
1191 4507 1316 4560 llomaue
1342 4504 1439 4560 nobilis
1454 4521 1461 4556 :
1478 4518 1592 4575 quornm
1617 4506 1705 4558 adliue

209 4594 247 4635 titt
260 4577 405 4648 inequales
419 4584 519 4642 essent,
532 4591 603 4630 nunc
626 4577 772 4641 breviores,
792 4591 863 4632 unite
913 4579 1014 4648 reliqna
1029 4585 1091 4632 sunt
1106 4576 1227 4644 vestigia.

214 4687 221 4704 .
240 4648 318 4715 nond
337 4660 461 4718 spectans
483 4647 646 4714 augustinns
660 4650 695 4699 de
709 4644 775 4700 Vera
791 4645 864 4701 Reli·
952 4650 1066 4718 esnpra
1090 4646 1137 4701 lili.
1152 4660 1171 4710 t,
1194 4644 1273 4703 etist.
1291 4642 1310 4697 2
1330 4643 1364 4699 de
1377 4642 1544 4699 Tltcodorieo
1565 4641 1705 4712 :llopibnt

218 4734 266 4785 tre,
289 4718 387 4788 inquit,
402 4717 524 4773 bretinolis
541 4716 633 4770 teatino*
656 4726 804 4785 comparate
816 4717 864 4769 nti-
914 4718 1014 4784 captato
1026 4733 1131 4772 aoitinttt
1145 4717 1303 4769 meridianus
1319 4729 1416 4783 temper
1430 4716 1546 4783 exigatis,
1563 4728 1631 4779 ειμι
1643 4710 1704 4764 uul-

223 4800 318 4845 ’temni
331 4789 391 4858 quia
406 4798 479 4845 serti
491 4787 596 4843 illornin
610 4786 675 4839 liora
688 4787 713 4839 iti
724 4786 864 4842 meridiem
915 4788 967 4842 tut.
991 4787 1201 4842 lletidiatiotiem
1218 4785 1352 4852 appellant
1369 4801 1375 4837 :
1393 4783 1490 4854 deque
1514 4781 1704 4848 intelligendus

227 4866 281 4925 tor,
291 4872 325 4911 eo
336 4861 416 4914 tiebat
439 4869 468 4913 nt
487 4857 578 4926 quinta
603 4855 752 4911 materiatae
776 4855 864 4909 ai'liitts
916 4867 957 4911 eat
971 4857 1068 4911 Juiaiti
1078 4856 1153 4911 incus
1167 4856 1200 4910 ad
1215 4855 1364 4908 Libantinn.
1378 4855 1494 4927 'talpone
1508 4850 1705 4924 χθιςιὸνιόγοι

232 4935 279 4982 tet.
302 4927 374 4983 Hanc
389 4930 468 4998 igitur
491 4926 612 4981 eamdent
635 4925 746 4980 denintat
759 4925 866 4981 Persius
916 4930 967 5011 arpo
979 4930 1086 5005 &pietati
1098 4949 1115 4982 e
1140 4923 1206 4982 ιδόι.
1217 4935 1242 4981 'A
1261 4930 1370 4986 terune:
1380 4922 1416 4987 δι’,
1427 4929 1486 5000 πρὶν
1497 4923 1704 4985 ἀναπαύσασθαι,

237 5008 279 5053 tta
290 4998 353 5052 dunt
377 4999 445 5053 tinec
466 4997 577 5064 titiiqitur
592 4995 680 5048 umbro
696 5011 706 5049 .·
724 4996 751 5052 iti
767 4996 866 5051 notario
917 5020 945 5053 το
957 4999 1043 5054 lotitia
1056 5000 1093 5053 itit
1124 4995 1214 5051 ἔδωκα.
1241 4944 1378 5058 flestertte,
1399 4993 1496 5061 inquit,
1509 4993 1552 5046 die
1565 4996 1708 5047 orationem

243 5076 255 5125 t
285 5068 445 5138 heliotropio
473 5068 633 5128 seinterieo,
658 5068 684 5118 itt
712 5081 765 5134 quo
793 5066 867 5135 eius·
918 5068 967 5136 leqt'
988 5077 1047 5121 ttrite
1064 5067 1200 5138 prandium
1222 5079 1300 5133 prope
1323 5067 1472 5133 intregritate:
1493 5071 1548 5129 post
1571 5062 1707 5134 pruttdiiun

255 5138 426 5195 notabantur.
443 5138 539 5206 Quinta
555 5145 642 5190 anteut
666 5139 732 5190 liora
750 5134 866 5207 prandii.
918 5152 989 5202 nero,
1003 5146 1063 5191 onte
1076 5151 1193 5191 reinnani
1206 5135 1274 5204 quod
1288 5134 1376 5187 deerat
1391 5134 1498 5189 tibtolui.

250 5208 357 5263 batti:
954 5203 968 5244 t
985 5209 1009 5261 ιι
1023 5206 1129 5260 videtur
1143 5219 1223 5275 quein
1238 5204 1285 5258 lili.
1300 5219 1337 5267 it,
1349 5203 1428 5273 epist.
1444 5202 1491 5270 aa,
1506 5202 1592 5259 rirutn
1607 5200 1708 5268 magni·

256 5278 337 5389 Qle
349 5290 411 5341 llll
423 5278 527 5327 ¹¹⁰⁰d¹¹¹¹¹
539 5274 583 5321 tilii
594 5274 696 5337 nuntiat,
704 5280 731 5323 ⁰2
743 5281 768 5327 2¹¹
808 5290 811 5295 ’
921 5278 998 5331 ΐινιιιιι
1013 5276 1140 5345 appellit,
1166 5288 1298 5344 gemmam
1321 5276 1467 5328 amicornm
1494 5272 1707 5335 titii-rarumque.

260 5350 287 5389 ὓ
310 5353 340 5389 '¹
358 5339 426 5397 ¹¹¹³¹¹b
439 5337 577 5398 eminio
589 5337 668 5386 ΝΜ*
922 5347 988 5401 ΙΙιιίι
1002 5360 1066 5411 ergo
1080 5342 1322 5415 lleitdeeasyliabos
1340 5345 1431 5407 inittlt,
1455 5356 1523 5411 quoa
1542 5338 1576 5395 de
1596 5338 1707 5392 basilica

923 5414 1043 5485 Lngdnni
1058 5422 1192 5470 exstructa
1205 5412 1374 5469 condiderat.

959 5496 971 5524 ι
991 5487 1118 5551 Quaenam
1133 5483 1177 5537 illa
1189 5482 1270 5539 luerit
1282 5486 1411 5537 incertum
1422 5488 1472 5536 est.
1483 5476 1548 5533 Nam
1559 5492 1612 5547 quo
1621 5477 1710 5532 inlitus

924 5556 954 5613 S.
970 5555 1062 5614 lientei
1074 5553 1184 5613 basilica
1197 5553 1329 5619 rideatur,
1345 5550 1405 5606 lacit
1421 5548 1490 5621 quod
1506 5548 1542 5606 ab
1556 5547 1633 5607 brari
1646 5562 1711 5621 pro·

273 5420 454 5493 premeride
468 5438 475 5472 ε

272 5512 402 5563 uocatam
413 5519 451 5561 est
463 5524 469 5558 :
480 5518 589 5573 quartam
598 5521 647 5569 iam
659 5511 725 5558 totns
741 5507 766 5556 itt
785 5504 871 5557 boram

276 5579 311 5635 it,
323 5574 353 5625 ad
363 5574 468 5636 quintani
480 5576 536 5622 ιιι-ι
546 5578 586 5620 tur
599 5572 682 5620 iitubra
693 5576 781 5620 uotam.
