3788 6120
184 338 239 397 bid
812 331 934 391 arbusti
951 328 1176 389 AffllalthNlllb

184 453 257 509 arans
271 460 303 505 tir
312 445 356 519 qni
377 446 573 514 elilcacissime,
588 447 673 514 pascis
687 454 715 502 ut
725 445 772 516 qui
786 447 966 514 exactissime,
980 446 1215 515 mercimoniam
1233 452 1305 500 metu
1320 444 1499 515 exsanguibus
1513 444 1680 503 Gabalitanis

182 547 279 615 jocaris
299 554 326 599 ut
340 543 385 615 qui
399 542 577 605 facetissime,
589 540 694 610 judicas
711 539 965 610 utqoiaequissime,
1017 553 1062 592 nro
1086 536 1221 592 iulet-tur:
1241 550 1309 606 quos
1330 535 1449 606 singulos
1471 551 1598 608 sparsos,
1627 536 1684 609 irrep

183 636 279 688 scandes
300 642 329 687 ut
349 630 393 701 qul
406 628 605 695 sincerissime,
618 629 796 683 commoreris
809 636 838 684 ut
851 629 895 698 qul
911 638 967 684 tar·
1018 639 1089 680 nrtnc
1102 625 1228 680 inauditis
1237 625 1409 680 indictionum
1423 627 1567 696 generibus
1578 628 1683 686 etbaar

182 725 303 786 «insinno,
318 722 434 790 placaris
450 718 527 791 142
542 728 571 771 ιιι
583 718 626 786 qul
639 716 791 783 celerrime,
806 716 928 772 redamas
940 726 969 772 ot
1018 712 1139 768 llexuosa
1158 714 1350 769 calumniarum
1373 714 1466 770 fraude
1487 717 1678 783 circumretitq

182 815 226 883 qni
238 812 400 867 fidelissime.
412 809 476 864 llaec
486 806 706 873 omniaetempla
720 805 825 863 risendi
836 805 890 877 iam
906 806 968 862 irinc
1018 803 1124 872 quidem
1146 805 1253 859 domum
1268 806 1414 860 laboriosos
1436 805 1525 860 redire
1544 806 1683 873 pernrlttea

182 906 217 958 alr
238 902 315 957 anatis
336 899 480 969 puberibus
503 911 579 952 meus
600 896 762 966 Apollinaris
785 896 808 953 si
835 898 966 967 sequitur,
1020 894 1148 948 tributum
1170 910 1286 949 annuum
1301 894 1436 950 datavere.
1462 895 1572 964 Signum
1587 907 1616 954 et
1630 896 1683 955 libe

182 994 285 1063 paradeo
301 1001 411 1055 scente,
433 998 462 1044 ut
482 998 623 1059 sequatur,
637 989 778 1043 admoneo.
804 988 832 1043 ln
853 1004 906 1059 quo
920 988 969 1043 dn·
1018 990 1061 1038 est
1079 983 1241 1039 imminentis
1260 984 1405 1047 adrentus,
1428 985 1500 1053 quoti
1522 992 1681 1040 catenatim

182 1084 266 1139 ceodn
282 1079 506 1148 instituendoque,
525 1077 606 1133 modo
629 1078 678 1133 sub
692 1092 744 1148 ope
757 1076 855 1135 curisti
880 1078 968 1149 dispo·
1018 1090 1123 1146 citoque
1138 1075 1319 1141 cotascrtcrit,
1344 1076 1425 1131 vincti
1450 1078 1594 1131 trabuntur
1622 1076 1683 1134 rlue

182 1176 232 1230 sita
243 1173 398 1236 succedant,
412 1169 558 1239 plurimum
566 1167 642 1222 laetor
655 1169 797 1223 maximam
811 1169 969 1224 melormu-
1019 1164 1114 1222 bentes
1138 1183 1146 1220 ε
1166 1182 1280 1238 quomm
1301 1165 1394 1221 ditiore
1419 1166 1542 1232 laetatur,
1570 1167 1684 1236 pascitur

181 1264 236 1318 iam
246 1262 307 1317 sien
319 1261 352 1317 de
366 1259 486 1315 moribus
500 1256 552 1311 tuis
566 1264 760 1313 maritatarum.
775 1256 851 1314 Vale.
1019 1257 1151 1328 precipue
1178 1257 1316 1327 pulcbrnm
1335 1257 1499 1320 arbitratus,
1520 1267 1585 1313 ante
1602 1267 1683 1330 turpe

454 1347 618 1405 ertstota
637 1348 695 1404 xli.
1019 1350 1114 1418 putrire
1130 1349 1313 1406 damnandos:
1326 1349 1428 1405 crinem
1451 1350 1516 1406 viris
1539 1351 1633 1415 rautrlt,
1648 1366 1684 1407 nat

339 1440 464 1498 Sidonius
482 1439 608 1495 Calminio
622 1456 668 1495 stre
686 1440 807 1498 salutem.
1019 1440 1108 1494 incidit
1124 1458 1132 1497 ι
1146 1441 1270 1509 equibus
1285 1450 1389 1505 tamen,
1402 1443 1424 1496 si
1440 1457 1499 1497 ram
1510 1443 1640 1513 quostiam
1662 1458 1683 1497 rt

216 1535 292 1604 Qtrod
303 1535 390 1590 rarius
403 1533 436 1588 ad
452 1547 525 1588 rosa
545 1532 621 1587 nobis
635 1532 729 1603 partin
749 1540 834 1598 meat,
854 1547 907 1588 non
921 1546 969 1589 no-
1018 1530 1150 1598 spetcrit,
1176 1528 1225 1585 bos
1248 1530 1375 1585 actualitas
1397 1531 1486 1596 solvit,
1503 1531 1583 1604 144
1600 1533 1683 1587 uanlta

182 1637 236 1681 stra
257 1625 401 1694 superbia,
425 1623 472 1679 scd
492 1623 580 1678 aliena
605 1621 760 1692 impotentia
780 1623 853 1678 lacit.
878 1623 969 1692 Neque
1020 1626 1106 1681 nullos
1116 1625 1309 1681 misericordia.
1325 1624 1378 1682 Sed
1390 1625 1555 1695 explicandae
1571 1626 1666 1682 bestie

182 1731 263 1785 supcr
283 1715 325 1771 bis
347 1715 490 1785 quidquem
514 1712 618 1785 planius
641 1726 759 1784 quaras3
783 1713 883 1783 quippe
907 1729 967 1770 cum
1020 1726 1154 1771 oratorum
1173 1717 1306 1786 princeps
1331 1716 1434 1771 ttarcus
1457 1717 1601 1785 Arpinas,
1627 1704 1683 1773 'ner

182 1807 281 1864 silentli
301 1805 380 1876 banjos
403 1804 590 1860 necessitatem
611 1817 660 1872 par
671 1801 740 1873 apud
754 1817 801 1858 ros
824 1814 911 1860 metus
929 1807 969 1861 in·
983 1809 1006 1869 Β
1020 1823 1077 1860 runt
1094 1806 1201 1862 Publius
1214 1808 1389 1871 llantuanus,
1408 1807 1532 1863 sialbcere
1547 1817 1667 1876 possum.

182 1908 353 1969 terpretetur.
378 1898 435 1953 lloc
457 1897 544 1951 solunt
568 1904 657 1949 tamen
681 1894 765 1951 libere
783 1909 878 1966 ςιιιιι,
897 1897 967 1966 quod
1019 1896 1079 1963 quia
1094 1896 1192 1951 dicitur
1207 1897 1264 1952 brec
1279 1898 1334 1965 ipsa
1345 1897 1478 1967 pernicies
1489 1898 1683 1969 appropinquas

182 1997 288 2049 turbiue
314 1992 501 2049 dissidentium
517 1993 632 2062 partium
646 2005 771 2061 segreges
784 1989 861 2056 lacti,
876 1999 968 2046 mutuo
1020 1986 1215 2054 proditionibus
1237 1987 1309 2042 licus
1329 1985 1431 2059 obviet)
1445 1987 1565 2056 praeveni
1578 1988 1683 2044 morbus

183 2085 290 2139 minime
303 2083 417 2138 linimur
433 2091 552 2151 aspectu.
568 2080 662 2151 Neque
679 2095 797 2150 unquam
809 2081 968 2150 patriaesol·
1018 2077 1116 2132 dentiae
1138 2077 1474 2148 salubritate;contraque
1496 2078 1557 2135 lites
1569 2080 1683 2151 jurgiosa

183 2175 262 2230 licitis
276 2172 381 2227 olierrit
396 2171 550 2237 obtutibus,
567 2170 616 2225 nisi
636 2169 745 2225 iorsitan
767 2183 829 2224 cum
851 2169 883 2224 ad
898 2169 969 2225 arbi·
1017 2181 1078 2235 que
1093 2176 1245 2234 moventur,
1255 2167 1423 2238 pactionibus
1431 2167 1558 2235 consule,
1572 2178 1586 2208 ο
1605 2176 1683 2225 costo

183 2266 263 2320 trium
286 2263 404 2319 terroris⁴
418 2262 518 2328 alieni,
534 2275 582 2316 ros
595 2261 694 2325 lorica,
709 2275 759 2316 nos
772 2261 967 2332 propugnacula
1017 2256 1204 2313 scantianam
1220 2275 1229 2312 a
1243 2272 1278 2314 nc
1301 2258 1387 2312 nialus
1412 2259 1491 2314 bomo
1516 2258 1596 2314 rebus
1616 2258 1683 2316 botta

182 2364 288 2424 tegunt.
306 2353 422 2422 libi-ipse
435 2351 462 2408 in
476 2352 527 2408 boc
540 2348 627 2408 solum
640 2352 760 2421 captivus
773 2350 925 2418 adduceris,
939 2362 968 2407 ut
1017 2347 1088 2417 quod
1102 2357 1211 2411 noceat,
1226 2349 1268 2403 vel
1290 2347 1360 2417 quod
1382 2358 1492 2416 paraestet
1513 2350 1641 2405 inveniat.
1658 2348 1683 2405 lo

184 2445 325 2513 pltaretras
343 2443 446 2513 sagittis
460 2456 589 2509 vacuare,
609 2440 733 2511 lacrymis
754 2440 848 2499 oculos
858 2442 969 2512 implere
1018 2438 1051 2492 de
1065 2437 1196 2494 Seronato
1206 2438 1246 2493 vis
1260 2439 1450 2508 acciperequid
1462 2434 1683 2497 sentiami'flaetst

181 2534 302 2604 cogaris3
318 2532 396 2588 uobis
417 2547 524 2601 quoque
547 2547 600 2587 non
623 2532 825 2599 recusantibus,
838 2533 910 2602 quod
924 2543 967 2590 tua
1019 2546 1066 2601 pet
1077 2532 1287 2601 suprascriptum
1303 2532 1400 2588 damno
1415 2543 1556 2601 serentum
1575 2521 1641 2589 milti
1653 2532 1683 2589 iat

180 2625 246 2680 satis
271 2622 344 2679 aliud
365 2623 511 2678 moliuntur
523 2632 604 2690 vota,
627 2637 707 2692 quam
724 2621 822 2693 jacula.
838 2622 891 2679 Sed
906 2622 968 2694 quia
1019 2623 1147 2681 bertedcia
1160 2633 1368 2691 suspecta'suat.
1384 2625 1457 2679 Vale.

181 2715 331 2780 isiterdum,
347 2723 375 2770 et
386 2714 410 2770 si
425 2729 478 2769 non
494 2728 541 2783 per
557 2713 687 2769 icederum
702 2716 858 2780 certatam,
874 2715 969 2771 saltem
1293 2714 1458 2770 ertstotn
1472 2714 1543 2769 lllll.

180 2824 229 2880 per
248 2809 416 2864 induciarum
439 2807 601 2877 imaginem,
615 2805 738 2876 quadam
756 2808 813 2875 spel
826 2816 924 2863 nostran
938 2807 969 2862 ll·
1213 2807 1335 2864 Sidonius
1350 2808 1420 2876 Apro
1432 2824 1479 2862 ιιιο
1494 2807 1611 2861 satiatem

180 2899 290 2957 bertatis
301 2899 419 2954 [ιιιιιιιι
428 2896 600 2968 resplendet:
614 2897 733 2967 impense
743 2896 843 2968 daqito,
857 2898 894 2953 uti
907 2912 966 2963 nos,
1052 2894 1207 2953 dcalenses
1228 2912 1300 2952 nunc
1320 2907 1346 2952 te
1360 2898 1448 2963 linias,
1470 2909 1499 2952 et
1520 2897 1625 2952 scabris
1642 2908 1683 2953 ear

180 3005 241 3045 cum
261 2990 377 3044 manime
389 2998 479 3058 potes,
499 2989 579 3041 allatu
594 2986 698 3057 paginae
709 2987 856 3056 llequentis
870 2987 968 3057 imper·
1017 2995 1119 3042 ructata
1135 2986 1284 3056 pumicibus
1297 3001 1364 3057 aqua
1380 2987 1531 3054 sulphuris,
1545 2984 1683 3057 atquelect

180 3080 249 3144 tias;
263 3079 351 3134 sciens
366 3077 412 3132 tibi
431 3078 457 3132 ln
477 3076 574 3132 animis
590 3074 667 3147 143
681 3075 853 3131 obsessorum
866 3075 964 3131 ciuium
1020 3077 1238 3146 phtisiscentibus
1248 3075 1378 3146 languidis
1389 3075 1554 3131 medicabilis
1570 3076 1683 3153 piscinas

182 3170 252 3225 illam
278 3185 385 3225 manere
398 3169 527 3240 qratiam,
541 3183 600 3239 quae
621 3167 795 3224 obliviscatur
818 3165 1000 3228 obsidentisC
1017 3171 1056 3225 dn
1078 3170 1191 3226 iturusne
1212 3180 1337 3225 montana
1358 3172 1436 3226 sedes
1455 3173 1557 3226 circum
1578 3170 1683 3228 canella

181 3260 320 3317 insidiam.
334 3261 409 3318 Vale.
1018 3261 1140 3333 eligenda
1162 3262 1226 3319 sede
1241 3262 1354 3333 perrupit
1368 3303 1376 3327 ,
1392 3263 1535 3333 quamdam
1556 3264 1683 3332 pateriae

433 3350 595 3407 epistota
616 3351 687 3406 lllll.
1018 3355 1119 3410 tionum
1134 3354 1282 3424 frequentia
1299 3355 1506 3411 difficultatem?
1524 3354 1658 3428 Quidquid
1671 3356 1683 3411 il

324 3443 467 3499 sidonius·
481 3443 632 3515 Punspcltio
647 3459 695 3498 suo
705 3443 823 3500 missum.
1017 3446 1088 3516 quod
1101 3447 1144 3502 rel
1158 3446 1362 3518 negotiosam,
1379 3448 1405 3503 in
1420 3449 1512 3505 urbem
1529 3448 1683 3515 tazncn,ail

215 3533 399 3592 bSeronatum
415 3535 513 3591 Tolosa
539 3535 713 3592 nosti-redire
731 3553 738 3590 :
757 3537 780 3593 si
794 3535 911 3592 nondum
926 3539 966 3608 (et
1019 3549 1031 3577 ⁸
1058 3538 1225 3608 rogationum
1247 3540 1472 3609 contemplatione
1491 3540 1683 3599 revocabere·

180 3627 261 3683 credo
274 3626 346 3697 quod
361 3625 500 3696 nouitium),
517 3627 557 3682 set
581 3641 629 3696 por
643 3631 699 3682 lunc
710 3626 795 3684 disce.
813 3626 872 3684 lam
885 3626 967 3684 Clau·
1017 3629 1095 3682 noltls
1105 3629 1302 3685 solemnitatem
1313 3631 1414 3699 primus
1429 3630 1573 3686 blamertus
1588 3638 1683 3701 pater't

181 3722 293 3775 scotiam
308 3720 392 3789 pergit
403 3718 550 3774 Erantbius
562 3737 570 3785 ;
582 3721 691 3790 jamque
708 3729 859 3777 contractae
871 3737 966 3792 operae
1017 3717 1071 3784 lex,
1085 3718 1301 3774 reuerentissimo
1310 3721 1446 3789 exemplo,
1456 3721 1598 3777 utilissimo
1607 3728 1683 3791 expet

180 3810 249 3878 cogit
265 3808 417 3871 eruderare,
428 3809 451 3862 si
465 3808 528 3876 quid
543 3808 611 3866 lorte
624 3810 728 3879 deiectu
741 3811 849 3867 caducae
866 3812 966 3868 inludis
1018 3808 1129 3873 incenit,
1144 3808 1267 3876 instituit,
1284 3810 1398 3864 intexit.
1416 3810 1497 3865 Erant
1512 3811 1622 3880 quidem
1635 3810 1683 3882 psit

181 3911 261 3967 aqgcr
275 3896 416 3951 insorduit.
431 3894 509 3952 Certe
528 3898 627 3967 siquid
643 3900 965 3970 voraginosnmesr,ipse
1016 3901 1089 3954 solra
1111 3899 1172 3956 lidei
1194 3914 1260 3970 pace
1284 3901 1319 3956 sit
1338 3901 1449 3970 dictum)
1472 3916 1555 3970 vage,
1571 3910 1683 3973 repnte

182 3985 263 4038 ltumo
276 3985 388 4040 advecta
403 3985 542 4041 scrobibus
561 3987 678 4056 oppletis
693 3987 812 4057 trepidus
831 4000 964 4058 exaequat,
1017 4000 1197 4060 quentesque,
1215 4000 1296 4060 utque
1320 3990 1397 4064 145
1421 3993 1459 4045 sic
1472 3992 1604 4062 dixerim,
1625 3994 1683 4051 otti

181 4086 209 4129 ιιι
219 4084 281 4145 pote
291 4074 405 4131 belluam
419 4090 493 4130 suam
504 4075 538 4131 de
552 4076 623 4132 valle
634 4075 739 4130 'lacunis
751 4075 882 4132 ducaliter
891 4091 967 4133 oote-
1017 4081 1237 4150 supplicationem
1249 4096 1310 4150 quas
1319 4096 1391 4151 saepe
1401 4083 1624 4151 interpellantum
1634 4094 1683 4155 pa

180 4181 306 4223 cessurus
315 4183 323 4232 ;
332 4167 464 4221 musculis
482 4166 664 4222 similisinter
682 4179 792 4231 saxosa,
806 4167 849 4223 rel
863 4166 975 4236 brevis„
1016 4170 1137 4226 obicibus
1151 4171 1355 4238 hebetabantur,
1370 4173 1541 4228 morimeam
1553 4170 1683 4239 imbuerat

182 4258 336 4312 balenarum
354 4254 548 4323 corpulentiam
560 4254 838 4326 praegubernantibus.
862 4258 898 4313 At
920 4258 966 4315 ille
1016 4260 1127 4316 nitatem
1141 4260 1337 4330 deprecaturam
1351 4260 1464 4333 adquae
1478 4256 1683 4333 (utniiainplim

181 4348 219 4402 sic
233 4347 270 4402 ira
281 4346 364 4412 celer,
377 4345 448 4416 quod
464 4343 539 4415 piger
551 4344 633 4413 mole,
650 4359 697 4401 seu
709 4344 818 4403 dracoe
829 4348 964 4418 speculis
1016 4351 1096 4421 liguio
1120 4356 1219 4420 liariter
1242 4361 1322 4421 atque
1337 4351 1479 4408 bortmano
1503 4368 1556 4408 nou
1571 4352 1683 4424 oportuit

217 4491 231 4519 ⁸
250 4478 426 4549 bituricensi,
443 4478 503 4535 viro
529 4476 643 4547 illustri,
668 4486 698 4534 ut
720 4487 762 4534 cst
784 4479 811 4534 in
832 4476 1006 4545 ContioneD
1054 4483 1121 4553 alle
1137 4483 1293 4539 institutisa
1312 4484 1439 4539 lla'merto
1458 4482 1683 4555 l’ieunensi‘epls

182 4551 231 4606 lib.
244 4565 290 4604 ιιι.
725 4596 732 4609 .
1017 4553 1169 4624 potionibus
1179 4554 1382 4610 etstatbomilia
1394 4554 1488 4609 Alcimi
1500 4554 1572 4609 Auiti
1583 4552 1683 4629 elasdet

216 4618 231 4658 ¹³
247 4619 350 4689 itaquo
365 4634 395 4674 sn
432 4621 488 4675 rius
496 4617 544 4674 lib.
559 4633 590 4684 ιι,
604 4617 683 4687 epist.
700 4619 726 4673 l.
740 4618 815 4676 'lunc
825 4619 965 4677 aturribus
1017 4625 1207 4687 sinantistitis,
1220 4636 1246 4680 et
1257 4624 1538 4694 consentiuntansiqui
1548 4628 1683 4679 amamini

182 4689 295 4752 redibat,
306 4704 376 4744 nunc
409 4692 482 4769 tolosa
495 4688 655 4757 :utrobique
664 4698 697 4744 et
709 4688 770 4744 attia
783 4691 854 4761 repis
865 4691 964 4746 Gotbo
1017 4694 1107 4775 Quare
1122 4699 1219 4776 trustra
1239 4694 1377 4755 laborant,
1391 4694 1436 4761 qui
1454 4702 1596 4776 propterea
1607 4692 1683 4773 qs'aul

182 4759 800 4908 '¹¹2¹'’sllllildillibidinum...
816 4827 963 4884 nnn...
1018 4760 1683 4904 tltllttttiliittilitttilnttaltit

182 4899 298 4965 appellat
319 4897 496 4969 Symttuaebus
518 4898 563 4949 bb.
580 4912 613 4964 ιι,
634 4898 713 4966 epist.
732 4898 778 4968 ld,
800 4900 965 4969 spnnrapbas
1018 4913 1130 4969 ctorem,
1146 4903 1193 4957 sed
1215 4912 1421 4959 restauratorem
1436 4904 1488 4957 dici
1502 4901 1607 4957 saturat:
1651 4916 1682 4957 ta

182 4968 318 5030 ruiruiirum.
330 4968 448 5037 quasqni
458 4966 556 5021 tributa
567 4968 697 5021 solvente
712 4968 909 5035 sussceptoribus
920 4985 966 5025 ac·
1018 4986 1110 5040 quam.
1126 4971 1217 5042 Neque
1231 4975 1301 5027 euim
1314 4973 1426 5044 quaestio
1436 4982 1478 5027 est
1487 4989 1522 5026 an
1535 4974 1640 5040 pristina
1652 4970 1683 5027 iit

183 5037 283 5104 cipiunt
291 5035 396 5090 balruclae
403 5050 495 5092 causa.
510 5035 685 5091 Cassiodorus
697 5039 866 5093 caitonlcario
880 5038 967 5094 Vene-
1018 5056 1094 5096 usum
1118 5043 1143 5096 in
1161 5042 1307 5098 Ecclesiam
1330 5042 1474 5110 invenerit,
1490 5057 1571 5113 quem
1592 5048 1683 5097 wasia

183 5107 278 5160 riarum
294 5123 302 5161 ι
321 5104 557 5160 Validoacantrute
567 5106 680 5171 opacitas
691 5107 848 5170 inuenerant,
861 5109 967 5162 inuictus
1017 5102 1195 5180 attbquiorem
1216 5113 1299 5167 inisse
1311 5130 1317 5165 :
1331 5113 1377 5167 scd
1392 5127 1425 5167 an
1440 5127 1488 5168 eas
1508 5114 1683 5194 iststitueta'tq

182 5177 330 5230 securitates
344 5175 396 5229 illis
411 5176 479 5231 dedit
490 5175 623 5230 calcantur
635 5192 683 5230 suc
696 5191 705 5229 .·
720 5176 842 5231 uiolenter
862 5177 966 5233 obstulit
1018 5182 1211 5236 ascensionem
1240 5182 1344 5237 [turmini
1372 5183 1565 5247 celebrssntur,
1591 5182 1683 5253 Rapit

182 5245 250 5315 quand
268 5246 405 5314 quercina.
428 5245 509 5308 ilinc,
526 5245 730 5302 Prirunserinius·
747 5256 919 5302 securttatuua
940 5249 966 5303 in
1018 5251 1123 5320 propria
1134 5251 1190 5320 jani
1207 5267 1272 5307 soce
1284 5260 1478 5319 nursicupantur.
1494 5252 1522 5307 ln
1535 5267 1602 5322 quo,
1615 5262 1649 5307 ut
1660 5250 1683 5307 tii

182 5315 270 5370 olilcio
284 5314 389 5370 canius
405 5315 511 5382 privati.
767 5380 771 5387 ‚
1017 5321 1137 5374 sentiunt
1157 5336 1261 5386 ornnes,
1280 5331 1308 5376 ct
1326 5322 1430 5377 Sidonii
1450 5324 1531 5378 uerba
1554 5323 1683 5389 insama

217 5383 232 5423 ἃ
246 5384 343 5453 scripti
357 5385 460 5454 aliquot
468 5383 528 5437 idaei
539 5381 668 5450 Caienaea,
678 5384 723 5442 alii
737 5384 853 5441 Calenus
865 5386 966 5456 legunt.
1016 5389 1120 5456 inussit,
1132 5390 1245 5446 dubitari
1258 5407 1310 5445 mm
1320 5391 1422 5445 sitiunt.
1439 5391 1683 5465 unqautnnnmerp

184 5456 253 5510 itatius
271 5465 344 5510 sunt·
356 5466 432 5523 aquae
441 5453 546 5508 calidas.
565 5453 598 5507 lit
620 5465 682 5508 sumt
695 5456 811 5510 bodiein
826 5457 963 5519 Aruernis,
1017 5471 1111 5513 atrctor
1135 5461 1287 5516 blantertus.
1308 5459 1366 5515 Nun
1390 5462 1475 5516 solum
1492 5462 1624 5529 instituit,
1637 5474 1669 5519 ιιι

183 5540 243 5593 quse
270 5527 294 5581 iti
309 5538 410 5581 nomeu·
428 5526 491 5581 rico
508 5522 659 5578 dederunt:
679 5538 740 5578 ruam
762 5525 863 5579 calidas
883 5537 965 5594 aquas
1016 5529 1152 5585 solemnes
1164 5530 1218 5584 illis
1232 5530 1326 5586 diebus
1337 5530 1548 5601 supplicationes
1560 5540 1683 5599 maman:

184 5595 266 5660 patria
281 5595 369 5664 linqua
386 5603 492 5649 rorant.
509 5592 650 5647 ln-*T'abula
663 5594 743 5648 ctiam
754 5594 920 5664 'Peutinqrri
936 5606 965 5650 ut
1017 5599 1188 5664 plicationum
1200 5599 1313 5657 sormam
1328 5601 1424 5658 usitata
1434 5603 1598 5659 sautmioreut
1612 5615 1683 5675 ιαμ

184 5677 264 5730 supra
284 5665 383 5718 dictrma
406 5673 461 5732 cst,
481 5663 650 5719 carminantur
664 5666 747 5726 nouas
763 5663 864 5719 Calidae
882 5665 964 5723 initi·
1015 5682 1067 5737 que
1083 5669 1257 5741 praescripsit.
1280 5674 1282 5679 “

184 5746 249 5789 uere
261 5733 331 5800 qood
345 5732 379 5789 ab
391 5738 617 5804 Augustonemeto
633 5732 788 5791 burdonum
799 5733 880 5790 ducit.
