<?xml version="1.0" encoding="UTF-8"?>
<!DOCTYPE html PUBLIC "-//W3C//DTD XHTML 1.0 Transitional//EN"
    "http://www.w3.org/TR/xhtml1/DTD/xhtml1-transitional.dtd">
<html xmlns="http://www.w3.org/1999/xhtml" xml:lang="en" lang="en">
 <head>
  <title>
</title>
<meta http-equiv="Content-Type" content="text/html;charset=utf-8" />
  <meta name='ocr-system' content='tesseract 3.04.00' />
  <meta name='ocr-capabilities' content='ocr_page ocr_carea ocr_par ocr_line ocrx_word'/>
</head>
<body>
  <div class='ocr_page' id='page_1' title='image "./patrologiaecurs102unkngoog/patrologiaecurs102unkngoog_0394.png"; bbox 0 0 3788 6120; ppageno 0'>
   <div class='ocr_carea' id='block_1_1' title="bbox 125 256 1767 333">
    <p class='ocr_par' dir='ltr' id='par_1_1' title="bbox 125 256 1767 333">
     <span class='ocr_line' id='line_1_1' title="bbox 125 256 1767 333; baseline 0.023 -29"><span class='ocrx_word' id='word_1_1' title='bbox 125 267 179 325; x_wconf 66' lang='lat'><strong><em>735</em></strong></span> <span class='ocrx_word' id='word_1_2' title='bbox 742 267 770 321; x_wconf 91' lang='lat' dir='ltr'><strong><em>s.</em></strong></span> <span class='ocrx_word' id='word_1_3' title='bbox 790 264 912 322; x_wconf 77' lang='lat' dir='ltr'><strong><em>onusti</em></strong></span> <span class='ocrx_word' id='word_1_4' title='bbox 932 256 1132 325; x_wconf 69' lang='lat' dir='ltr'><strong><em>ttttmztuus&#39;ts</em></strong></span> <span class='ocrx_word' id='word_1_5' title='bbox 1712 274 1767 333; x_wconf 69' lang='lat'><strong><em>²⁸⁸·</em></strong></span> 
     </span>
    </p>
   </div>
   <div class='ocr_carea' id='block_1_2' title="bbox 103 365 1840 3576">
    <p class='ocr_par' dir='ltr' id='par_1_2' title="bbox 103 365 1840 3576">
     <span class='ocr_line' id='line_1_2' title="bbox 124 365 1772 456; baseline 0.005 -20"><span class='ocrx_word' id='word_1_6' title='bbox 124 393 174 437; x_wconf 84' lang='lat' dir='ltr'><strong><em>tao.</em></strong></span> <span class='ocrx_word' id='word_1_7' title='bbox 191 381 323 451; x_wconf 80' lang='lat' dir='ltr'><strong><em>Quidquid</em></strong></span> <span class='ocrx_word' id='word_1_8' title='bbox 343 383 390 447; x_wconf 90' lang='lat' dir='ltr'><strong><em>sit,</em></strong></span> <span class='ocrx_word' id='word_1_9' title='bbox 411 365 518 436; x_wconf 80' lang='lat' dir='ltr'><strong><em>mortar</em></strong></span> <span class='ocrx_word' id='word_1_10' title='bbox 537 378 645 451; x_wconf 87' lang='lat' dir='ltr'><strong><em>epistola</em></strong></span> <span class='ocrx_word' id='word_1_11' title='bbox 668 377 761 433; x_wconf 82' lang='lat' dir='ltr'><strong><em>Fausti</em></strong></span> <span class='ocrx_word' id='word_1_12' title='bbox 779 381 813 434; x_wconf 91' lang='lat' dir='ltr'><strong><em>ad</em></strong></span> <span class='ocrx_word' id='word_1_13' title='bbox 833 379 918 436; x_wconf 68' lang='lat' dir='ltr'><strong><em>leon·</em></strong></span> <span class='ocrx_word' id='word_1_14' title='bbox 932 385 957 444; x_wconf 81' lang='grc' dir='ltr'><strong>Α</strong></span> <span class='ocrx_word' id='word_1_15' title='bbox 970 382 1071 449; x_wconf 92' lang='lat' dir='ltr'><strong><em>bantur,</em></strong></span> <span class='ocrx_word' id='word_1_16' title='bbox 1087 383 1114 436; x_wconf 87' lang='lat' dir='ltr'><strong><em>in</em></strong></span> <span class='ocrx_word' id='word_1_17' title='bbox 1129 381 1415 452; x_wconf 73' lang='lat' dir='ltr'><strong><em>Semipelapittnismum</em></strong></span> <span class='ocrx_word' id='word_1_18' title='bbox 1429 384 1598 456; x_wconf 70' lang='lat' dir='ltr'><strong><em>propendere.</em></strong></span> <span class='ocrx_word' id='word_1_19' title='bbox 1621 384 1699 443; x_wconf 82' lang='lat' dir='ltr'><strong><em>linde</em></strong></span> <span class='ocrx_word' id='word_1_20' title='bbox 1712 393 1772 444; x_wconf 71' lang='lat' dir='ltr'><strong><em>nor&#39;</em></strong></span> 
     </span>
     <span class='ocr_line' id='line_1_3' title="bbox 124 470 1763 550; baseline 0.004 -20"><span class='ocrx_word' id='word_1_21' title='bbox 124 477 198 542; x_wconf 82' lang='lat' dir='ltr'><strong><em>titum,</em></strong></span> <span class='ocrx_word' id='word_1_22' title='bbox 212 474 366 530; x_wconf 71' lang='lat' dir='ltr'><strong><em>Arelatensis</em></strong></span> <span class='ocrx_word' id='word_1_23' title='bbox 378 472 480 530; x_wconf 86' lang='lat' dir='ltr'><strong><em>concilii</em></strong></span> <span class='ocrx_word' id='word_1_24' title='bbox 493 473 639 544; x_wconf 82' lang='lat' dir='ltr'><strong><em>praesidem.</em></strong></span> <span class='ocrx_word' id='word_1_25' title='bbox 653 470 716 538; x_wconf 84' lang='lat' dir='ltr'><strong><em>Quis</em></strong></span> <span class='ocrx_word' id='word_1_26' title='bbox 728 472 815 526; x_wconf 88' lang='lat' dir='ltr'><strong><em>eredat</em></strong></span> <span class='ocrx_word' id='word_1_27' title='bbox 823 488 917 550; x_wconf 85' lang='lat' dir='ltr'><strong><em>ausum</em></strong></span> <span class='ocrx_word' id='word_1_28' title='bbox 970 477 1063 530; x_wconf 91' lang='lat' dir='ltr'><strong><em>mirum</em></strong></span> <span class='ocrx_word' id='word_1_29' title='bbox 1083 475 1184 529; x_wconf 89' lang='lat' dir='ltr'><strong><em>uidetur</em></strong></span> <span class='ocrx_word' id='word_1_30' title='bbox 1197 475 1308 529; x_wconf 88' lang='lat' dir='ltr'><strong><em>concilia</em></strong></span> <span class='ocrx_word' id='word_1_31' title='bbox 1326 492 1378 530; x_wconf 87' lang='lat' dir='ltr'><strong><em>non</em></strong></span> <span class='ocrx_word' id='word_1_32' title='bbox 1398 477 1514 547; x_wconf 77' lang='lat' dir='ltr'><strong><em>equidem</em></strong></span> <span class='ocrx_word' id='word_1_33' title='bbox 1526 478 1699 549; x_wconf 80' lang='lat' dir='ltr'><strong><em>aecumenica,</em></strong></span> <span class='ocrx_word' id='word_1_34' title='bbox 1719 483 1763 536; x_wconf 80' lang='lat' dir='ltr'><strong><em>scd</em></strong></span> 
     </span>
     <span class='ocr_line' id='line_1_4' title="bbox 124 562 1763 636; baseline 0.004 -16"><span class='ocrx_word' id='word_1_35' title='bbox 124 567 204 636; x_wconf 76' lang='lat' dir='ltr'><strong><em>luisse</em></strong></span> <span class='ocrx_word' id='word_1_36' title='bbox 222 567 284 620; x_wconf 89' lang='lat' dir='ltr'><strong><em>talia</em></strong></span> <span class='ocrx_word' id='word_1_37' title='bbox 298 565 420 630; x_wconf 86' lang='lat' dir='ltr'><strong><em>scribere,</em></strong></span> <span class='ocrx_word' id='word_1_38' title='bbox 441 566 537 619; x_wconf 86' lang='lat' dir='ltr'><strong><em>uiuente</em></strong></span> <span class='ocrx_word' id='word_1_39' title='bbox 557 563 682 618; x_wconf 63' lang='lat' dir='ltr'><strong><em>Montio?</em></strong></span> <span class='ocrx_word' id='word_1_40' title='bbox 699 563 838 618; x_wconf 88' lang='lat' dir='ltr'><strong><em>uiuentibus</em></strong></span> <span class='ocrx_word' id='word_1_41' title='bbox 859 562 928 619; x_wconf 85' lang='lat' dir='ltr'><strong><em>aliis¹</em></strong></span> <span class='ocrx_word' id='word_1_42' title='bbox 972 564 1763 636; x_wconf 79' lang='lat' dir='ltr'><strong><em>pruoincialiaEcclesioeGallicanoeArticerroriauetoritotcm</em></strong></span> 
     </span>
     <span class='ocr_line' id='line_1_5' title="bbox 124 654 1763 736; baseline 0.005 -22"><span class='ocrx_word' id='word_1_43' title='bbox 124 658 389 732; x_wconf 74' lang='lat' dir='ltr'><strong><em>episcopinaaus&#39;bas</em></strong></span> <span class='ocrx_word' id='word_1_44' title='bbox 403 657 492 724; x_wconf 75' lang='lat' dir='ltr'><strong><em>fraudi</em></strong></span> <span class='ocrx_word' id='word_1_45' title='bbox 506 667 530 710; x_wconf 89' lang='lat' dir='ltr'><strong><em>et</em></strong></span> <span class='ocrx_word' id='word_1_46' title='bbox 544 654 671 709; x_wconf 88' lang='lat' dir='ltr'><strong><em>mendacii</em></strong></span> <span class='ocrx_word' id='word_1_47' title='bbox 690 662 752 708; x_wconf 89' lang='lat' dir='ltr'><strong><em>nota</em></strong></span> <span class='ocrx_word' id='word_1_48' title='bbox 772 664 823 708; x_wconf 89' lang='lat' dir='ltr'><strong><em>tam</em></strong></span> <span class='ocrx_word' id='word_1_49' title='bbox 844 655 921 724; x_wconf 67' lang='lat' dir='ltr'><strong><em>focile</em></strong></span> <span class='ocrx_word' id='word_1_50' title='bbox 971 659 1130 727; x_wconf 69' lang='lat' dir='ltr'><strong><em>conciliasse,</em></strong></span> <span class='ocrx_word' id='word_1_51' title='bbox 1145 656 1328 729; x_wconf 73' lang='lat' dir='ltr'><strong><em>Faunumque,</em></strong></span> <span class='ocrx_word' id='word_1_52' title='bbox 1344 662 1388 729; x_wconf 82' lang='lat' dir='ltr'><strong><em>qul</em></strong></span> <span class='ocrx_word' id='word_1_53' title='bbox 1407 669 1443 714; x_wconf 94' lang='lat' dir='ltr'><strong><em>tot</em></strong></span> <span class='ocrx_word' id='word_1_54' title='bbox 1463 663 1643 732; x_wconf 68' lang='lat' dir='ltr'><strong><em>annos‘oitcit,</em></strong></span> <span class='ocrx_word' id='word_1_55' title='bbox 1664 681 1695 720; x_wconf 90' lang='lat' dir='ltr'><strong><em>eo</em></strong></span> <span class='ocrx_word' id='word_1_56' title='bbox 1713 683 1763 736; x_wconf 83' lang='lat' dir='ltr'><strong><em>oua</em></strong></span> 
     </span>
     <span class='ocr_line' id='line_1_6' title="bbox 123 749 1764 828; baseline 0.003 -21"><span class='ocrx_word' id='word_1_57' title='bbox 123 753 175 821; x_wconf 85' lang='lat' dir='ltr'><strong><em>ipsi</em></strong></span> <span class='ocrx_word' id='word_1_58' title='bbox 193 753 317 824; x_wconf 85' lang='lat' dir='ltr'><strong><em>potuisset</em></strong></span> <span class='ocrx_word' id='word_1_59' title='bbox 335 751 423 806; x_wconf 82' lang='lat' dir='ltr'><strong><em>inuri?</em></strong></span> <span class='ocrx_word' id='word_1_60' title='bbox 438 749 501 805; x_wconf 81' lang='lat' dir='ltr'><strong><em>ilaec</em></strong></span> <span class='ocrx_word' id='word_1_61' title='bbox 519 759 606 804; x_wconf 90' lang='lat' dir='ltr'><strong><em>autem</em></strong></span> <span class='ocrx_word' id='word_1_62' title='bbox 629 749 748 819; x_wconf 78' lang='lat' dir='ltr'><strong><em>lepuntur</em></strong></span> <span class='ocrx_word' id='word_1_63' title='bbox 760 750 788 804; x_wconf 92' lang='lat' dir='ltr'><strong><em>in</em></strong></span> <span class='ocrx_word' id='word_1_64' title='bbox 809 751 920 822; x_wconf 89' lang='lat' dir='ltr'><strong><em>epistola</em></strong></span> <span class='ocrx_word' id='word_1_65' title='bbox 971 751 1083 822; x_wconf 89' lang='lat' dir='ltr'><strong><em>pollebat</em></strong></span> <span class='ocrx_word' id='word_1_66' title='bbox 1096 751 1245 818; x_wconf 88' lang='lat' dir='ltr'><strong><em>subtilitate,</em></strong></span> <span class='ocrx_word' id='word_1_67' title='bbox 1257 751 1426 806; x_wconf 86' lang='lat' dir='ltr'><strong><em>conciliatum</em></strong></span> <span class='ocrx_word' id='word_1_68' title='bbox 1439 752 1540 808; x_wconf 89' lang='lat' dir='ltr'><strong><em>decreta</em></strong></span> <span class='ocrx_word' id='word_1_69' title='bbox 1554 769 1608 810; x_wconf 90' lang='lat' dir='ltr'><strong><em>non</em></strong></span> <span class='ocrx_word' id='word_1_70' title='bbox 1620 756 1700 812; x_wconf 89' lang='lat' dir='ltr'><strong><em>modo</em></strong></span> <span class='ocrx_word' id='word_1_71' title='bbox 1710 757 1764 828; x_wconf 76' lang='lat' dir='ltr'><strong><em>sul·</em></strong></span> 
     </span>
     <span class='ocr_line' id='line_1_7' title="bbox 125 843 1764 920; baseline 0.002 -20"><span class='ocrx_word' id='word_1_72' title='bbox 125 845 261 902; x_wconf 73' lang='lat' dir='ltr'><strong><em>Faustini</em></strong></span> <span class='ocrx_word' id='word_1_73' title='bbox 275 844 409 900; x_wconf 82' lang='lat' dir='ltr'><strong><em>Leontium</em></strong></span> <span class='ocrx_word' id='word_1_74' title='bbox 421 843 615 899; x_wconf 88' lang='lat' dir='ltr'><strong><em>Arelatensem:</em></strong></span> <span class='ocrx_word' id='word_1_75' title='bbox 972 843 1066 914; x_wconf 75' lang='lat' dir='ltr'><strong><em>scapio,</em></strong></span> <span class='ocrx_word' id='word_1_76' title='bbox 1085 843 1130 897; x_wconf 87' lang='lat' dir='ltr'><strong><em>scd</em></strong></span> <span class='ocrx_word' id='word_1_77' title='bbox 1148 851 1171 896; x_wconf 92' lang='lat' dir='ltr'><strong><em>et</em></strong></span> <span class='ocrx_word' id='word_1_78' title='bbox 1192 844 1352 913; x_wconf 70' lang='lat' dir='ltr'><strong><em>arnumentis</em></strong></span> <span class='ocrx_word' id='word_1_79' title='bbox 1370 845 1424 899; x_wconf 88' lang='lat' dir='ltr'><strong><em>suis</em></strong></span> <span class='ocrx_word' id='word_1_80' title='bbox 1437 848 1573 914; x_wconf 75' lang='lat' dir='ltr'><strong><em>probasse,</em></strong></span> <span class='ocrx_word' id='word_1_81' title='bbox 1595 857 1623 901; x_wconf 85' lang='lat' dir='ltr'><strong><em>tu</em></strong></span> <span class='ocrx_word' id='word_1_82' title='bbox 1644 857 1714 920; x_wconf 87' lang='lat' dir='ltr'><strong><em>patet</em></strong></span> <span class='ocrx_word' id='word_1_83' title='bbox 1732 865 1764 904; x_wconf 79' lang='lat' dir='ltr'><strong><em>es</em></strong></span> 
     </span>
     <span class='ocr_line' id='line_1_8' title="bbox 164 931 1763 1011; baseline 0.001 -21"><span class='ocrx_word' id='word_1_84' title='bbox 164 937 257 1003; x_wconf 81' lang='lat' dir='ltr'><strong><em>thod</em></strong></span> <span class='ocrx_word' id='word_1_85' title='bbox 268 933 636 1008; x_wconf 87' lang='lat' dir='ltr'><strong><em>prosolticitudineportorati,</em></strong></span> <span class='ocrx_word' id='word_1_86' title='bbox 649 933 719 988; x_wconf 90' lang='lat' dir='ltr'><strong><em>beate</em></strong></span> <span class='ocrx_word' id='word_1_87' title='bbox 727 931 807 986; x_wconf 85' lang='lat' dir='ltr'><strong><em>Pater</em></strong></span> <span class='ocrx_word' id='word_1_88' title='bbox 815 931 918 999; x_wconf 76' lang='lat' dir='ltr'><strong><em>Aconti,</em></strong></span> <span class='ocrx_word' id='word_1_89' title='bbox 971 935 1078 1007; x_wconf 80' lang='lat' dir='ltr'><strong><em>epistola</em></strong></span> <span class='ocrx_word' id='word_1_90' title='bbox 1089 933 1124 989; x_wconf 91' lang='lat' dir='ltr'><strong><em>ad</em></strong></span> <span class='ocrx_word' id='word_1_91' title='bbox 1134 933 1279 1001; x_wconf 78' lang='lat' dir='ltr'><strong><em>Leontium,</em></strong></span> <span class='ocrx_word' id='word_1_92' title='bbox 1292 949 1351 1006; x_wconf 82' lang='lat' dir='ltr'><strong><em>quae</em></strong></span> <span class='ocrx_word' id='word_1_93' title='bbox 1364 937 1453 1006; x_wconf 78' lang='lat' dir='ltr'><strong><em>nepari</em></strong></span> <span class='ocrx_word' id='word_1_94' title='bbox 1467 953 1519 1004; x_wconf 80' lang='lat' dir='ltr'><strong><em>tuen</em></strong></span> <span class='ocrx_word' id='word_1_95' title='bbox 1533 946 1626 1006; x_wconf 90' lang='lat' dir='ltr'><strong><em>potest.</em></strong></span> <span class='ocrx_word' id='word_1_96' title='bbox 1643 939 1763 1011; x_wconf 81' lang='lat' dir='ltr'><strong><em>Quisqnio</em></strong></span> 
     </span>
     <span class='ocr_line' id='line_1_9' title="bbox 125 1026 1763 1100; baseline -0.001 -12"><span class='ocrx_word' id='word_1_97' title='bbox 125 1036 152 1088; x_wconf 92' lang='lat' dir='ltr'><strong><em>in</em></strong></span> <span class='ocrx_word' id='word_1_98' title='bbox 174 1030 370 1087; x_wconf 85' lang='lat' dir='ltr'><strong><em>condemnando</em></strong></span> <span class='ocrx_word' id='word_1_99' title='bbox 396 1027 629 1100; x_wconf 85' lang='lat' dir='ltr'><strong><em>praedestinationis</em></strong></span> <span class='ocrx_word' id='word_1_100' title='bbox 651 1041 759 1092; x_wconf 87' lang='lat' dir='ltr'><strong><em>errore,</em></strong></span> <span class='ocrx_word' id='word_1_101' title='bbox 783 1027 920 1081; x_wconf 86' lang='lat' dir='ltr'><strong><em>concilium</em></strong></span> <span class='ocrx_word' id='word_1_102' title='bbox 970 1028 1128 1098; x_wconf 74' lang='lat' dir='ltr'><strong><em>synodorum</em></strong></span> <span class='ocrx_word' id='word_1_103' title='bbox 1142 1029 1217 1097; x_wconf 79' lang='lat' dir='ltr'><strong><em>penio</em></strong></span> <span class='ocrx_word' id='word_1_104' title='bbox 1235 1026 1384 1092; x_wconf 85' lang='lat' dir='ltr'><strong><em>indulserit,</em></strong></span> <span class='ocrx_word' id='word_1_105' title='bbox 1407 1030 1475 1083; x_wconf 85' lang='lat' dir='ltr'><strong><em>barro</em></strong></span> <span class='ocrx_word' id='word_1_106' title='bbox 1494 1029 1628 1084; x_wconf 76' lang='lat' dir='ltr'><strong><em>irrisorem</em></strong></span> <span class='ocrx_word' id='word_1_107' title='bbox 1641 1030 1763 1100; x_wconf 70' lang='lat' dir='ltr'><strong><em>exemplis</em></strong></span> 
     </span>
     <span class='ocr_line' id='line_1_10' title="bbox 125 1118 1763 1194; baseline -0.002 -15"><span class='ocrx_word' id='word_1_108' title='bbox 125 1124 284 1181; x_wconf 84' lang='lat' dir='ltr'><strong><em>summdrunr</em></strong></span> <span class='ocrx_word' id='word_1_109' title='bbox 294 1122 437 1176; x_wconf 87' lang='lat' dir='ltr'><strong><em>antistitum</em></strong></span> <span class='ocrx_word' id='word_1_110' title='bbox 447 1121 631 1193; x_wconf 77' lang='lat' dir='ltr'><strong><em>conprepastis,</em></strong></span> <span class='ocrx_word' id='word_1_111' title='bbox 641 1119 766 1174; x_wconf 87' lang='lat' dir='ltr'><strong><em>uniuersis</em></strong></span> <span class='ocrx_word' id='word_1_112' title='bbox 776 1118 922 1174; x_wconf 83' lang='lat' dir='ltr'><strong><em>Galliarum</em></strong></span> <span class='ocrx_word' id='word_1_113' title='bbox 972 1121 1091 1189; x_wconf 78' lang='lat' dir='ltr'><strong><em>piurimis</em></strong></span> <span class='ocrx_word' id='word_1_114' title='bbox 1115 1119 1267 1190; x_wconf 89' lang='lat' dir='ltr'><strong><em>probaturus</em></strong></span> <span class='ocrx_word' id='word_1_115' title='bbox 1290 1129 1340 1174; x_wconf 89' lang='lat' dir='ltr'><strong><em>est.</em></strong></span> <span class='ocrx_word' id='word_1_116' title='bbox 1365 1119 1394 1174; x_wconf 75' lang='lat'><strong><em>2·</em></strong></span> <span class='ocrx_word' id='word_1_117' title='bbox 1416 1119 1530 1175; x_wconf 72' lang='lat' dir='ltr'><strong><em>lucidus</em></strong></span> <span class='ocrx_word' id='word_1_118' title='bbox 1555 1123 1698 1192; x_wconf 71' lang='lat' dir='ltr'><strong><em>presbyter.</em></strong></span> <span class='ocrx_word' id='word_1_119' title='bbox 1720 1126 1763 1194; x_wconf 79' lang='lat' dir='ltr'><strong><em>asi</em></strong></span> 
     </span>
     <span class='ocr_line' id='line_1_11' title="bbox 126 1211 1761 1287; baseline -0.002 -17"><span class='ocrx_word' id='word_1_120' title='bbox 126 1215 251 1287; x_wconf 85' lang='lat' dir='ltr'><strong><em>episeopis</em></strong></span> <span class='ocrx_word' id='word_1_121' title='bbox 273 1212 453 1277; x_wconf 84' lang='lat' dir='ltr'><strong><em>consuluistis;</em></strong></span> <span class='ocrx_word' id='word_1_122' title='bbox 477 1211 547 1279; x_wconf 81' lang='lat' dir='ltr'><strong><em>quod</em></strong></span> <span class='ocrx_word' id='word_1_123' title='bbox 564 1226 622 1265; x_wconf 89' lang='lat' dir='ltr'><strong><em>uero</em></strong></span> <span class='ocrx_word' id='word_1_124' title='bbox 643 1211 678 1264; x_wconf 88' lang='lat' dir='ltr'><strong><em>ad</em></strong></span> <span class='ocrx_word' id='word_1_125' title='bbox 702 1211 921 1280; x_wconf 76' lang='lat' dir='ltr'><strong><em>ordinandoque</em></strong></span> <span class='ocrx_word' id='word_1_126' title='bbox 972 1220 1057 1283; x_wconf 92' lang='lat' dir='ltr'><strong><em>partes</em></strong></span> <span class='ocrx_word' id='word_1_127' title='bbox 1075 1213 1211 1283; x_wconf 62' lang='lat' dir='ltr'><strong><em>Augustini</em></strong></span> <span class='ocrx_word' id='word_1_128' title='bbox 1225 1211 1354 1278; x_wconf 89' lang='lat' dir='ltr'><strong><em>tuebatur,</em></strong></span> <span class='ocrx_word' id='word_1_129' title='bbox 1374 1213 1487 1267; x_wconf 74' lang='lat' dir='ltr'><strong><em>marimo</em></strong></span> <span class='ocrx_word' id='word_1_130' title='bbox 1501 1213 1650 1284; x_wconf 84' lang='lat' dir='ltr'><strong><em>suspicione</em></strong></span> <span class='ocrx_word' id='word_1_131' title='bbox 1663 1215 1761 1270; x_wconf 89' lang='lat' dir='ltr'><strong><em>labora-</em></strong></span> 
     </span>
     <span class='ocr_line' id='line_1_12' title="bbox 126 1301 1763 1380; baseline -0.002 -16"><span class='ocrx_word' id='word_1_132' title='bbox 126 1309 264 1365; x_wconf 88' lang='lat' dir='ltr'><strong><em>collatione</em></strong></span> <span class='ocrx_word' id='word_1_133' title='bbox 278 1308 381 1380; x_wconf 88' lang='lat' dir='ltr'><strong><em>publica</em></strong></span> <span class='ocrx_word' id='word_1_134' title='bbox 395 1307 542 1361; x_wconf 85' lang='lat' dir='ltr'><strong><em>doctissime</em></strong></span> <span class='ocrx_word' id='word_1_135' title='bbox 559 1305 711 1375; x_wconf 86' lang='lat' dir='ltr'><strong><em>protulistis,</em></strong></span> <span class='ocrx_word' id='word_1_136' title='bbox 729 1321 832 1376; x_wconf 84' lang='lat' dir='ltr'><strong><em>operam</em></strong></span> <span class='ocrx_word' id='word_1_137' title='bbox 846 1305 921 1375; x_wconf 74' lang='lat' dir='ltr'><strong><em>inlit-</em></strong></span> <span class='ocrx_word' id='word_1_138' title='bbox 973 1307 1026 1372; x_wconf 88' lang='lat' dir='ltr'><strong><em>bot,</em></strong></span> <span class='ocrx_word' id='word_1_139' title='bbox 1040 1316 1093 1360; x_wconf 91' lang='lat' dir='ltr'><strong><em>mm</em></strong></span> <span class='ocrx_word' id='word_1_140' title='bbox 1104 1303 1175 1374; x_wconf 91' lang='lat' dir='ltr'><strong><em>apud</em></strong></span> <span class='ocrx_word' id='word_1_141' title='bbox 1190 1301 1316 1357; x_wconf 87' lang='lat' dir='ltr'><strong><em>Faustum</em></strong></span> <span class='ocrx_word' id='word_1_142' title='bbox 1330 1304 1497 1374; x_wconf 86' lang='lat' dir='ltr'><strong><em>rersipellem,</em></strong></span> <span class='ocrx_word' id='word_1_143' title='bbox 1511 1315 1566 1359; x_wconf 87' lang='lat' dir='ltr'><strong><em>tsrn</em></strong></span> <span class='ocrx_word' id='word_1_144' title='bbox 1579 1305 1651 1374; x_wconf 81' lang='lat' dir='ltr'><strong><em>apud</em></strong></span> <span class='ocrx_word' id='word_1_145' title='bbox 1663 1315 1763 1361; x_wconf 75' lang='lat' dir='ltr'><strong><em>ceteros</em></strong></span> 
     </span>
     <span class='ocr_line' id='line_1_13' title="bbox 126 1390 1761 1473; baseline -0.006 -17"><span class='ocrx_word' id='word_1_146' title='bbox 126 1405 174 1458; x_wconf 91' lang='lat' dir='ltr'><strong><em>mis</em></strong></span> <span class='ocrx_word' id='word_1_147' title='bbox 184 1403 296 1457; x_wconf 90' lang='lat' dir='ltr'><strong><em>lmmeris</em></strong></span> <span class='ocrx_word' id='word_1_148' title='bbox 307 1416 448 1473; x_wconf 81' lang='lat' dir='ltr'><strong><em>curamque</em></strong></span> <span class='ocrx_word' id='word_1_149' title='bbox 457 1399 606 1466; x_wconf 77' lang='lat' dir='ltr'><strong><em>mandastis,</em></strong></span> <span class='ocrx_word' id='word_1_150' title='bbox 620 1414 712 1470; x_wconf 91' lang='lat' dir='ltr'><strong><em>parum</em></strong></span> <span class='ocrx_word' id='word_1_151' title='bbox 724 1409 819 1453; x_wconf 81' lang='lat' dir='ltr'><strong><em>sancte</em></strong></span> <span class='ocrx_word' id='word_1_152' title='bbox 831 1398 921 1454; x_wconf 77' lang='lat' dir='ltr'><strong><em>existi·</em></strong></span> <span class='ocrx_word' id='word_1_153' title='bbox 973 1396 1013 1450; x_wconf 79' lang='lat' dir='ltr'><strong><em>luis</em></strong></span> <span class='ocrx_word' id='word_1_154' title='bbox 1027 1396 1142 1465; x_wconf 85' lang='lat' dir='ltr'><strong><em>partibus</em></strong></span> <span class='ocrx_word' id='word_1_155' title='bbox 1155 1393 1282 1457; x_wconf 87' lang='lat' dir='ltr'><strong><em>addictas,</em></strong></span> <span class='ocrx_word' id='word_1_156' title='bbox 1298 1401 1325 1446; x_wconf 92' lang='lat' dir='ltr'><strong><em>nt</em></strong></span> <span class='ocrx_word' id='word_1_157' title='bbox 1337 1392 1396 1460; x_wconf 69' lang='lat' dir='ltr'><strong><em>peri</em></strong></span> <span class='ocrx_word' id='word_1_158' title='bbox 1409 1393 1484 1448; x_wconf 85' lang='lat' dir='ltr'><strong><em>salet.</em></strong></span> <span class='ocrx_word' id='word_1_159' title='bbox 1508 1390 1573 1448; x_wconf 87' lang='lat' dir='ltr'><strong><em>ideo</em></strong></span> <span class='ocrx_word' id='word_1_160' title='bbox 1594 1393 1688 1448; x_wconf 87' lang='lat' dir='ltr'><strong><em>timore</em></strong></span> <span class='ocrx_word' id='word_1_161' title='bbox 1704 1409 1761 1466; x_wconf 84' lang='lat' dir='ltr'><strong><em>per·</em></strong></span> 
     </span>
     <span class='ocr_line' id='line_1_14' title="bbox 127 1481 1764 1562; baseline -0.005 -13"><span class='ocrx_word' id='word_1_162' title='bbox 127 1495 233 1550; x_wconf 84' lang='lat' dir='ltr'><strong><em>motioni</em></strong></span> <span class='ocrx_word' id='word_1_163' title='bbox 246 1494 427 1559; x_wconf 87' lang='lat' dir='ltr'><strong><em>consuluistis,</em></strong></span> <span class='ocrx_word' id='word_1_164' title='bbox 448 1500 471 1547; x_wconf 90' lang='lat' dir='ltr'><strong><em>et</em></strong></span> <span class='ocrx_word' id='word_1_165' title='bbox 491 1492 594 1562; x_wconf 75' lang='lat' dir='ltr'><strong><em>iudicio</em></strong></span> <span class='ocrx_word' id='word_1_166' title='bbox 617 1491 731 1546; x_wconf 88' lang='lat' dir='ltr'><strong><em>caritatis</em></strong></span> <span class='ocrx_word' id='word_1_167' title='bbox 744 1506 788 1545; x_wconf 83' lang='lat' dir='ltr'><strong><em>ros</em></strong></span> <span class='ocrx_word' id='word_1_168' title='bbox 808 1489 922 1561; x_wconf 88' lang='lat' dir='ltr'><strong><em>periculo</em></strong></span> <span class='ocrx_word' id='word_1_169' title='bbox 973 1487 1108 1551; x_wconf 76' lang='lat' dir='ltr'><strong><em>subsanet</em></strong></span> <span class='ocrx_word' id='word_1_170' title='bbox 1127 1483 1234 1555; x_wconf 80' lang='lat' dir='ltr'><strong><em>epistola</em></strong></span> <span class='ocrx_word' id='word_1_171' title='bbox 1248 1481 1341 1538; x_wconf 80' lang='lat' dir='ltr'><strong><em>Fausti</em></strong></span> <span class='ocrx_word' id='word_1_172' title='bbox 1362 1484 1500 1551; x_wconf 89' lang='lat' dir='ltr'><strong><em>impulsus,</em></strong></span> <span class='ocrx_word' id='word_1_173' title='bbox 1515 1484 1578 1539; x_wconf 87' lang='lat' dir='ltr'><strong><em>dum</em></strong></span> <span class='ocrx_word' id='word_1_174' title='bbox 1592 1501 1664 1540; x_wconf 89' lang='lat' dir='ltr'><strong><em>mens</em></strong></span> <span class='ocrx_word' id='word_1_175' title='bbox 1678 1486 1764 1540; x_wconf 87' lang='lat' dir='ltr'><strong><em>territa</em></strong></span> 
     </span>
     <span class='ocr_line' id='line_1_15' title="bbox 127 1573 1764 1654; baseline -0.008 -11"><span class='ocrx_word' id='word_1_176' title='bbox 127 1585 257 1644; x_wconf 85' lang='lat' dir='ltr'><strong><em>electionis</em></strong></span> <span class='ocrx_word' id='word_1_177' title='bbox 270 1587 408 1642; x_wconf 85' lang='lat' dir='ltr'><strong><em>onerastis.</em></strong></span> <span class='ocrx_word' id='word_1_178' title='bbox 424 1604 433 1638; x_wconf 86' lang='lat' dir='ltr'><strong><em>s</em></strong></span> <span class='ocrx_word' id='word_1_179' title='bbox 454 1582 487 1639; x_wconf 81' lang='lat' dir='ltr'><strong><em>Ft</em></strong></span> <span class='ocrx_word' id='word_1_180' title='bbox 502 1585 541 1639; x_wconf 89' lang='lat' dir='ltr'><strong><em>ltis</em></strong></span> <span class='ocrx_word' id='word_1_181' title='bbox 555 1584 637 1639; x_wconf 85' lang='lat' dir='ltr'><strong><em>uerbis</em></strong></span> <span class='ocrx_word' id='word_1_182' title='bbox 651 1583 761 1654; x_wconf 91' lang='lat' dir='ltr'><strong><em>epistola</em></strong></span> <span class='ocrx_word' id='word_1_183' title='bbox 774 1583 923 1638; x_wconf 75' lang='lat' dir='ltr'><strong><em>clauditur:</em></strong></span> <span class='ocrx_word' id='word_1_184' title='bbox 973 1587 1112 1634; x_wconf 89' lang='lat' dir='ltr'><strong><em>remaneret</em></strong></span> <span class='ocrx_word' id='word_1_185' title='bbox 1128 1577 1217 1642; x_wconf 92' lang='lat' dir='ltr'><strong><em>dubia,</em></strong></span> <span class='ocrx_word' id='word_1_186' title='bbox 1238 1590 1318 1647; x_wconf 81' lang='lat' dir='ltr'><strong><em>quarn</em></strong></span> <span class='ocrx_word' id='word_1_187' title='bbox 1332 1583 1430 1645; x_wconf 92' lang='lat' dir='ltr'><strong><em>partem</em></strong></span> <span class='ocrx_word' id='word_1_188' title='bbox 1444 1575 1653 1646; x_wconf 81' lang='lat' dir='ltr'><strong><em>amplecteretur,</em></strong></span> <span class='ocrx_word' id='word_1_189' title='bbox 1669 1573 1764 1631; x_wconf 83' lang='lat' dir='ltr'><strong><em>Fausto</em></strong></span> 
     </span>
     <span class='ocr_line' id='line_1_16' title="bbox 131 1668 1765 1751; baseline -0.006 -20"><span class='ocrx_word' id='word_1_190' title='bbox 131 1697 142 1731; x_wconf 90' lang='lat' dir='ltr'><strong><em>t</em></strong></span> <span class='ocrx_word' id='word_1_191' title='bbox 159 1679 191 1734; x_wconf 92' lang='lat' dir='ltr'><strong><em>ln</em></strong></span> <span class='ocrx_word' id='word_1_192' title='bbox 208 1696 260 1751; x_wconf 84' lang='lat' dir='ltr'><strong><em>quo</em></strong></span> <span class='ocrx_word' id='word_1_193' title='bbox 279 1678 382 1750; x_wconf 77' lang='lat' dir='ltr'><strong><em>quidem</em></strong></span> <span class='ocrx_word' id='word_1_194' title='bbox 404 1675 549 1746; x_wconf 87' lang='lat' dir='ltr'><strong><em>opusculo,</em></strong></span> <span class='ocrx_word' id='word_1_195' title='bbox 571 1685 628 1747; x_wconf 88' lang='lat' dir='ltr'><strong><em>post</em></strong></span> <span class='ocrx_word' id='word_1_196' title='bbox 642 1674 797 1729; x_wconf 78' lang='lat' dir='ltr'><strong><em>Arelatensis</em></strong></span> <span class='ocrx_word' id='word_1_197' title='bbox 820 1673 924 1728; x_wconf 86' lang='lat' dir='ltr'><strong><em>concilii</em></strong></span> <span class='ocrx_word' id='word_1_198' title='bbox 974 1671 1077 1742; x_wconf 83' lang='lat' dir='ltr'><strong><em>obsequi</em></strong></span> <span class='ocrx_word' id='word_1_199' title='bbox 1091 1678 1114 1725; x_wconf 89' lang='lat' dir='ltr'><strong><em>el</em></strong></span> <span class='ocrx_word' id='word_1_200' title='bbox 1129 1668 1347 1723; x_wconf 72' lang='lat' dir='ltr'><strong><em>anathematismis</em></strong></span> <span class='ocrx_word' id='word_1_201' title='bbox 1366 1668 1415 1739; x_wconf 83' lang='lat' dir='ltr'><strong><em>ipsi</em></strong></span> <span class='ocrx_word' id='word_1_202' title='bbox 1429 1668 1522 1723; x_wconf 87' lang='lat' dir='ltr'><strong><em>oblatis</em></strong></span> <span class='ocrx_word' id='word_1_203' title='bbox 1534 1668 1694 1723; x_wconf 72' lang='lat' dir='ltr'><strong><em>subscribere</em></strong></span> <span class='ocrx_word' id='word_1_204' title='bbox 1707 1685 1765 1723; x_wconf 90' lang='lat' dir='ltr'><strong><em>coa·</em></strong></span> 
     </span>
     <span class='ocr_line' id='line_1_17' title="bbox 126 1759 1765 1843; baseline -0.007 -17"><span class='ocrx_word' id='word_1_205' title='bbox 126 1771 352 1843; x_wconf 85' lang='lat' dir='ltr'><strong><em>subscriptionem,</em></strong></span> <span class='ocrx_word' id='word_1_206' title='bbox 378 1769 449 1823; x_wconf 84' lang='lat' dir='ltr'><strong><em>nouis</em></strong></span> <span class='ocrx_word' id='word_1_207' title='bbox 473 1769 602 1822; x_wconf 87' lang='lat' dir='ltr'><strong><em>erroribus</em></strong></span> <span class='ocrx_word' id='word_1_208' title='bbox 629 1765 805 1837; x_wconf 84' lang='lat' dir='ltr'><strong><em>deprebensis,</em></strong></span> <span class='ocrx_word' id='word_1_209' title='bbox 834 1766 922 1836; x_wconf 82' lang='lat' dir='ltr'><strong><em>aliqua</em></strong></span> <span class='ocrx_word' id='word_1_210' title='bbox 939 1762 959 1822; x_wconf 84' lang='lat' dir='ltr'>B</span> <span class='ocrx_word' id='word_1_211' title='bbox 974 1774 1083 1820; x_wconf 88' lang='lat' dir='ltr'><strong><em>atusest.</em></strong></span> <span class='ocrx_word' id='word_1_212' title='bbox 1093 1762 1133 1818; x_wconf 83' lang='lat' dir='ltr'><strong><em>lle</em></strong></span> <span class='ocrx_word' id='word_1_213' title='bbox 1143 1764 1258 1818; x_wconf 87' lang='lat' dir='ltr'><strong><em>libertate</em></strong></span> <span class='ocrx_word' id='word_1_214' title='bbox 1266 1761 1306 1816; x_wconf 89' lang='lat' dir='ltr'><strong><em>uel</em></strong></span> <span class='ocrx_word' id='word_1_215' title='bbox 1315 1761 1445 1817; x_wconf 87' lang='lat' dir='ltr'><strong><em>coactione</em></strong></span> <span class='ocrx_word' id='word_1_216' title='bbox 1454 1760 1502 1816; x_wconf 89' lang='lat' dir='ltr'><strong><em>sibi</em></strong></span> <span class='ocrx_word' id='word_1_217' title='bbox 1512 1759 1634 1830; x_wconf 79' lang='lat' dir='ltr'><strong><em>imposito</em></strong></span> <span class='ocrx_word' id='word_1_218' title='bbox 1638 1761 1765 1833; x_wconf 80' lang='lat' dir='ltr'><strong><em>judicium</em></strong></span> 
     </span>
     <span class='ocr_line' id='line_1_18' title="bbox 127 1852 1766 1935; baseline -0.005 -19"><span class='ocrx_word' id='word_1_219' title='bbox 127 1863 218 1935; x_wconf 78' lang='lat' dir='ltr'><strong><em>subjici</em></strong></span> <span class='ocrx_word' id='word_1_220' title='bbox 242 1861 355 1932; x_wconf 73' lang='lat' dir='ltr'><strong><em>synodus</em></strong></span> <span class='ocrx_word' id='word_1_221' title='bbox 380 1859 559 1929; x_wconf 83' lang='lat' dir='ltr'><strong><em>andunensis</em></strong></span> <span class='ocrx_word' id='word_1_222' title='bbox 581 1858 675 1929; x_wconf 79' lang='lat' dir='ltr'><strong><em>caepit.</em></strong></span> <span class='ocrx_word' id='word_1_223' title='bbox 700 1876 710 1908; x_wconf 89' lang='lat' dir='ltr'><strong><em>s</em></strong></span> <span class='ocrx_word' id='word_1_224' title='bbox 741 1857 787 1912; x_wconf 88' lang='lat' dir='ltr'><strong><em>Sic</em></strong></span> <span class='ocrx_word' id='word_1_225' title='bbox 808 1855 924 1911; x_wconf 86' lang='lat' dir='ltr'><strong><em>Faustus</em></strong></span> <span class='ocrx_word' id='word_1_226' title='bbox 974 1857 1046 1912; x_wconf 87' lang='lat' dir='ltr'><strong><em>nobis</em></strong></span> <span class='ocrx_word' id='word_1_227' title='bbox 1058 1858 1125 1927; x_wconf 75' lang='lat' dir='ltr'><strong><em>[erre</em></strong></span> <span class='ocrx_word' id='word_1_228' title='bbox 1139 1872 1190 1909; x_wconf 91' lang='lat' dir='ltr'><strong><em>non</em></strong></span> <span class='ocrx_word' id='word_1_229' title='bbox 1204 1856 1274 1909; x_wconf 89' lang='lat' dir='ltr'><strong><em>licet.</em></strong></span> <span class='ocrx_word' id='word_1_230' title='bbox 1291 1852 1348 1907; x_wconf 89' lang='lat' dir='ltr'><strong><em>lloc</em></strong></span> <span class='ocrx_word' id='word_1_231' title='bbox 1361 1869 1440 1906; x_wconf 92' lang='lat' dir='ltr'><strong><em>unum</em></strong></span> <span class='ocrx_word' id='word_1_232' title='bbox 1452 1853 1617 1923; x_wconf 84' lang='lat' dir='ltr'><strong><em>conjicimus,</em></strong></span> <span class='ocrx_word' id='word_1_233' title='bbox 1629 1852 1766 1924; x_wconf 77' lang='lat' dir='ltr'><strong><em>dejeratio·</em></strong></span> 
     </span>
     <span class='ocr_line' id='line_1_19' title="bbox 129 1944 1767 2018; baseline -0.006 -9"><span class='ocrx_word' id='word_1_234' title='bbox 129 1953 247 2018; x_wconf 77' lang='lat' dir='ltr'><strong><em>Leontio,</em></strong></span> <span class='ocrx_word' id='word_1_235' title='bbox 265 1955 322 2006; x_wconf 89' lang='lat' dir='ltr'><strong><em>testi</em></strong></span> <span class='ocrx_word' id='word_1_236' title='bbox 337 1952 449 2016; x_wconf 88' lang='lat' dir='ltr'><strong><em>oculato,</em></strong></span> <span class='ocrx_word' id='word_1_237' title='bbox 466 1948 621 2003; x_wconf 80' lang='lat' dir='ltr'><strong><em>Arelatensis</em></strong></span> <span class='ocrx_word' id='word_1_238' title='bbox 641 1946 745 2001; x_wconf 87' lang='lat' dir='ltr'><strong><em>concilii</em></strong></span> <span class='ocrx_word' id='word_1_239' title='bbox 759 1947 879 2016; x_wconf 80' lang='lat' dir='ltr'><strong><em>praecidi,</em></strong></span> <span class='ocrx_word' id='word_1_240' title='bbox 900 1955 924 2003; x_wconf 92' lang='lat' dir='ltr'><strong><em>et</em></strong></span> <span class='ocrx_word' id='word_1_241' title='bbox 975 1964 1031 2004; x_wconf 91' lang='lat' dir='ltr'><strong><em>nem</em></strong></span> <span class='ocrx_word' id='word_1_242' title='bbox 1052 1950 1093 2003; x_wconf 88' lang='lat' dir='ltr'><strong><em>cui</em></strong></span> <span class='ocrx_word' id='word_1_243' title='bbox 1115 1947 1266 2017; x_wconf 78' lang='lat' dir='ltr'><strong><em>subscripsit</em></strong></span> <span class='ocrx_word' id='word_1_244' title='bbox 1287 1945 1413 2012; x_wconf 73' lang='lat' dir='ltr'><strong><em>lucidus,</em></strong></span> <span class='ocrx_word' id='word_1_245' title='bbox 1435 1944 1530 1999; x_wconf 83' lang='lat' dir='ltr'><strong><em>Fausti</em></strong></span> <span class='ocrx_word' id='word_1_246' title='bbox 1551 1960 1629 1999; x_wconf 89' lang='lat' dir='ltr'><strong><em>manu</em></strong></span> <span class='ocrx_word' id='word_1_247' title='bbox 1647 1945 1767 2017; x_wconf 80' lang='lat' dir='ltr'><strong><em>scriptum</em></strong></span> 
     </span>
     <span class='ocr_line' id='line_1_20' title="bbox 127 2035 1768 2116; baseline -0.005 -18"><span class='ocrx_word' id='word_1_248' title='bbox 127 2044 308 2116; x_wconf 62' lang='lat' dir='ltr'><strong><em>langdunensis</em></strong></span> <span class='ocrx_word' id='word_1_249' title='bbox 321 2042 433 2095; x_wconf 90' lang='lat' dir='ltr'><strong><em>conscio.</em></strong></span> <span class='ocrx_word' id='word_1_250' title='bbox 456 2039 561 2094; x_wconf 82' lang='lat' dir='ltr'><strong><em>Nollem</em></strong></span> <span class='ocrx_word' id='word_1_251' title='bbox 574 2055 621 2110; x_wconf 77' lang='lat' dir='ltr'><strong><em>epo</em></strong></span> <span class='ocrx_word' id='word_1_252' title='bbox 634 2039 681 2092; x_wconf 92' lang='lat' dir='ltr'><strong><em>tali</em></strong></span> <span class='ocrx_word' id='word_1_253' title='bbox 694 2039 789 2108; x_wconf 86' lang='lat' dir='ltr'><strong><em>scripto</em></strong></span> <span class='ocrx_word' id='word_1_254' title='bbox 799 2038 926 2109; x_wconf 82' lang='lat' dir='ltr'><strong><em>denepare</em></strong></span> <span class='ocrx_word' id='word_1_255' title='bbox 976 2042 1065 2112; x_wconf 69' lang='lat' dir='ltr'><strong><em>tuisse,</em></strong></span> <span class='ocrx_word' id='word_1_256' title='bbox 1079 2051 1107 2096; x_wconf 86' lang='lat' dir='ltr'><strong><em>ut</em></strong></span> <span class='ocrx_word' id='word_1_257' title='bbox 1120 2040 1177 2109; x_wconf 74' lang='lat' dir='ltr'><strong><em>fieri</em></strong></span> <span class='ocrx_word' id='word_1_258' title='bbox 1196 2039 1260 2093; x_wconf 84' lang='lat' dir='ltr'><strong><em>solet</em></strong></span> <span class='ocrx_word' id='word_1_259' title='bbox 1280 2038 1311 2092; x_wconf 91' lang='lat' dir='ltr'><strong><em>ab</em></strong></span> <span class='ocrx_word' id='word_1_260' title='bbox 1330 2038 1363 2092; x_wconf 90' lang='lat' dir='ltr'><strong><em>iis</em></strong></span> <span class='ocrx_word' id='word_1_261' title='bbox 1376 2037 1421 2106; x_wconf 82' lang='lat' dir='ltr'><strong><em>aui</em></strong></span> <span class='ocrx_word' id='word_1_262' title='bbox 1435 2036 1577 2102; x_wconf 87' lang='lat' dir='ltr'><strong><em>triumpltos</em></strong></span> <span class='ocrx_word' id='word_1_263' title='bbox 1590 2051 1668 2108; x_wconf 70' lang='lat' dir='ltr'><strong><em>apere</em></strong></span> <span class='ocrx_word' id='word_1_264' title='bbox 1680 2035 1768 2090; x_wconf 83' lang='lat' dir='ltr'><strong><em>nolunt</em></strong></span> 
     </span>
     <span class='ocr_line' id='line_1_21' title="bbox 128 2126 1768 2204; baseline -0.011 -6"><span class='ocrx_word' id='word_1_265' title='bbox 128 2133 217 2204; x_wconf 63' lang='lat' dir='ltr'><strong><em>fidem.</em></strong></span> <span class='ocrx_word' id='word_1_266' title='bbox 232 2148 278 2186; x_wconf 72' lang='lat'><strong><em>²¹²⁶</em></strong></span> <span class='ocrx_word' id='word_1_267' title='bbox 297 2130 432 2186; x_wconf 60' lang='lat' dir='ltr'><strong><em>0⁶75de</em></strong></span> <span class='ocrx_word' id='word_1_268' title='bbox 452 2130 481 2198; x_wconf 73' lang='lat' dir='ltr'><strong><em>fil</em></strong></span> <span class='ocrx_word' id='word_1_269' title='bbox 501 2128 572 2183; x_wconf 60' lang='grc'><strong><em>1111110</em></strong></span> <span class='ocrx_word' id='word_1_270' title='bbox 592 2130 751 2201; x_wconf 66' lang='lat' dir='ltr'><strong><em>eif⁸⁶⁰i¹¹ms</em></strong></span> <span class='ocrx_word' id='word_1_271' title='bbox 768 2143 797 2182; x_wconf 73' lang='lat'><strong><em>⁶0</em></strong></span> <span class='ocrx_word' id='word_1_272' title='bbox 812 2137 926 2200; x_wconf 67' lang='lat' dir='ltr'><strong><em>illinere</em></strong></span> <span class='ocrx_word' id='word_1_273' title='bbox 975 2133 1097 2186; x_wconf 88' lang='lat' dir='ltr'><strong><em>bduersus</em></strong></span> <span class='ocrx_word' id='word_1_274' title='bbox 1114 2131 1174 2197; x_wconf 78' lang='lat' dir='ltr'><strong><em>fidei</em></strong></span> <span class='ocrx_word' id='word_1_275' title='bbox 1194 2131 1310 2199; x_wconf 86' lang='lat' dir='ltr'><strong><em>pristinae</em></strong></span> <span class='ocrx_word' id='word_1_276' title='bbox 1326 2129 1481 2202; x_wconf 66' lang='lat' dir='ltr'><strong><em>defensaret.</em></strong></span> <span class='ocrx_word' id='word_1_277' title='bbox 1507 2128 1535 2183; x_wconf 78' lang='lat'><strong><em>5·</em></strong></span> <span class='ocrx_word' id='word_1_278' title='bbox 1551 2126 1712 2182; x_wconf 81' lang='lat' dir='ltr'><strong><em>Hinemarus</em></strong></span> <span class='ocrx_word' id='word_1_279' title='bbox 1727 2142 1768 2182; x_wconf 89' lang='lat' dir='ltr'><strong><em>er-</em></strong></span> 
     </span>
     <span class='ocr_line' id='line_1_22' title="bbox 128 2218 1768 2295; baseline -0.002 -19"><span class='ocrx_word' id='word_1_280' title='bbox 128 2222 314 2294; x_wconf 84' lang='lat' dir='ltr'><strong><em>pbilosoplticis</em></strong></span> <span class='ocrx_word' id='word_1_281' title='bbox 337 2221 443 2286; x_wconf 88' lang='lat' dir='ltr'><strong><em>studiis,</em></strong></span> <span class='ocrx_word' id='word_1_282' title='bbox 466 2228 542 2275; x_wconf 83' lang='lat' dir='ltr'><strong><em>atate</em></strong></span> <span class='ocrx_word' id='word_1_283' title='bbox 563 2230 587 2274; x_wconf 90' lang='lat' dir='ltr'><strong><em>et</em></strong></span> <span class='ocrx_word' id='word_1_284' title='bbox 607 2219 740 2285; x_wconf 90' lang='lat' dir='ltr'><strong><em>doctrina,</em></strong></span> <span class='ocrx_word' id='word_1_285' title='bbox 765 2221 925 2290; x_wconf 84' lang='lat' dir='ltr'><strong><em>quantumuis</em></strong></span> <span class='ocrx_word' id='word_1_286' title='bbox 975 2225 1049 2291; x_wconf 76' lang='lat' dir='ltr'><strong><em>rapit,</em></strong></span> <span class='ocrx_word' id='word_1_287' title='bbox 1066 2225 1111 2295; x_wconf 82' lang='lat' dir='ltr'><strong><em>qni</em></strong></span> <span class='ocrx_word' id='word_1_288' title='bbox 1122 2223 1176 2278; x_wconf 74' lang='lat' dir='ltr'><strong><em>lime</em></strong></span> <span class='ocrx_word' id='word_1_289' title='bbox 1190 2223 1299 2279; x_wconf 88' lang='lat' dir='ltr'><strong><em>coneilio</em></strong></span> <span class='ocrx_word' id='word_1_290' title='bbox 1313 2238 1381 2275; x_wconf 91' lang='lat' dir='ltr'><strong><em>anno</em></strong></span> <span class='ocrx_word' id='word_1_291' title='bbox 1393 2221 1443 2276; x_wconf 78' lang='grc'><strong><em>151</em></strong></span> <span class='ocrx_word' id='word_1_292' title='bbox 1460 2220 1596 2288; x_wconf 84' lang='lat' dir='ltr'><strong><em>ascripsit,·</em></strong></span> <span class='ocrx_word' id='word_1_293' title='bbox 1618 2219 1664 2274; x_wconf 90' lang='lat' dir='ltr'><strong><em>sed</em></strong></span> <span class='ocrx_word' id='word_1_294' title='bbox 1681 2218 1768 2274; x_wconf 82' lang='lat' dir='ltr'><strong><em>debetu</em></strong></span> 
     </span>
     <span class='ocr_line' id='line_1_23' title="bbox 129 2309 1769 2386; baseline -0.002 -18"><span class='ocrx_word' id='word_1_295' title='bbox 129 2326 246 2378; x_wconf 73' lang='lat' dir='ltr'><strong><em>manea,</em></strong></span> <span class='ocrx_word' id='word_1_296' title='bbox 261 2312 463 2379; x_wconf 89' lang='lat' dir='ltr'><strong><em>celeberrimum,</em></strong></span> <span class='ocrx_word' id='word_1_297' title='bbox 479 2311 612 2380; x_wconf 81' lang='lat' dir='ltr'><strong><em>scalpsisse</em></strong></span> <span class='ocrx_word' id='word_1_298' title='bbox 624 2320 696 2365; x_wconf 92' lang='lat' dir='ltr'><strong><em>tanta</em></strong></span> <span class='ocrx_word' id='word_1_299' title='bbox 709 2328 767 2365; x_wconf 89' lang='lat' dir='ltr'><strong><em>eum</em></strong></span> <span class='ocrx_word' id='word_1_300' title='bbox 777 2311 887 2380; x_wconf 76' lang='lat' dir='ltr'><strong><em>fiducia,</em></strong></span> <span class='ocrx_word' id='word_1_301' title='bbox 901 2319 925 2365; x_wconf 87' lang='lat' dir='ltr'><strong><em>et</em></strong></span> <span class='ocrx_word' id='word_1_302' title='bbox 976 2317 1004 2370; x_wconf 78' lang='lat' dir='ltr'><strong><em>in</em></strong></span> <span class='ocrx_word' id='word_1_303' title='bbox 1019 2315 1172 2385; x_wconf 77' lang='lat' dir='ltr'><strong><em>posteriores</em></strong></span> <span class='ocrx_word' id='word_1_304' title='bbox 1185 2329 1266 2368; x_wconf 88' lang='lat' dir='ltr'><strong><em>annos</em></strong></span> <span class='ocrx_word' id='word_1_305' title='bbox 1278 2313 1362 2386; x_wconf 78' lang='lat' dir='ltr'><strong><em>rejici.</em></strong></span> <span class='ocrx_word' id='word_1_306' title='bbox 1378 2310 1502 2382; x_wconf 74' lang='lat' dir='ltr'><strong><em>Santoni</em></strong></span> <span class='ocrx_word' id='word_1_307' title='bbox 1514 2312 1548 2365; x_wconf 92' lang='lat' dir='ltr'><strong><em>ad</em></strong></span> <span class='ocrx_word' id='word_1_308' title='bbox 1562 2327 1607 2365; x_wconf 85' lang='lat' dir='ltr'><strong><em>aa.</em></strong></span> <span class='ocrx_word' id='word_1_309' title='bbox 1618 2309 1689 2376; x_wconf 75' lang='lat' dir='ltr'><strong><em>A75;</em></strong></span> <span class='ocrx_word' id='word_1_310' title='bbox 1705 2309 1769 2383; x_wconf 75' lang='lat' dir='ltr'><strong><em>Papi</em></strong></span> 
     </span>
     <span class='ocr_line' id='line_1_24' title="bbox 129 2402 1412 2477; baseline -0.002 -19"><span class='ocrx_word' id='word_1_311' title='bbox 129 2414 261 2462; x_wconf 76' lang='lat' dir='ltr'><strong><em>santoneo</em></strong></span> <span class='ocrx_word' id='word_1_312' title='bbox 276 2405 324 2461; x_wconf 88' lang='lat' dir='ltr'><strong><em>sibi</em></strong></span> <span class='ocrx_word' id='word_1_313' title='bbox 337 2404 444 2459; x_wconf 78' lang='lat' dir='ltr'><strong><em>Leontio</em></strong></span> <span class='ocrx_word' id='word_1_314' title='bbox 458 2404 570 2471; x_wconf 75' lang='lat' dir='ltr'><strong><em>dixisse,</em></strong></span> <span class='ocrx_word' id='word_1_315' title='bbox 589 2420 598 2454; x_wconf 88' lang='lat' dir='ltr'><strong><em>r</em></strong></span> <span class='ocrx_word' id='word_1_316' title='bbox 613 2403 689 2457; x_wconf 90' lang='lat' dir='ltr'><strong><em>illum</em></strong></span> <span class='ocrx_word' id='word_1_317' title='bbox 703 2402 838 2457; x_wconf 87' lang='lat' dir='ltr'><strong><em>concilium</em></strong></span> <span class='ocrx_word' id='word_1_318' title='bbox 856 2417 927 2456; x_wconf 87' lang='lat' dir='ltr'><strong><em>sum·</em></strong></span> <span class='ocrx_word' id='word_1_319' title='bbox 975 2409 1078 2463; x_wconf 69' lang='lat' dir='ltr'><strong><em>amaad</em></strong></span> <span class='ocrx_word' id='word_1_320' title='bbox 1090 2406 1251 2464; x_wconf 67' lang='lat' dir='ltr'><strong><em>ditmannum</em></strong></span> <span class='ocrx_word' id='word_1_321' title='bbox 1264 2404 1412 2477; x_wconf 71' lang='lat' dir='ltr'><strong><em>assiynast&#39;t.</em></strong></span> 
     </span>
     <span class='ocr_line' id='line_1_25' title="bbox 129 2492 1771 2568; baseline -0.002 -16"><span class='ocrx_word' id='word_1_322' title='bbox 129 2506 232 2552; x_wconf 86' lang='lat' dir='ltr'><strong><em>morum</em></strong></span> <span class='ocrx_word' id='word_1_323' title='bbox 255 2495 400 2551; x_wconf 86' lang='lat' dir='ltr'><strong><em>antistitum</em></strong></span> <span class='ocrx_word' id='word_1_324' title='bbox 422 2510 589 2566; x_wconf 80' lang='lat' dir='ltr'><strong><em>conprepasse</em></strong></span> <span class='ocrx_word' id='word_1_325' title='bbox 614 2503 642 2548; x_wconf 89' lang='lat' dir='ltr'><strong><em>ut</em></strong></span> <span class='ocrx_word' id='word_1_326' title='bbox 668 2495 834 2548; x_wconf 87' lang='lat' dir='ltr'><strong><em>damnaretur</em></strong></span> <span class='ocrx_word' id='word_1_327' title='bbox 856 2509 927 2548; x_wconf 84' lang='lat' dir='ltr'><strong><em>error</em></strong></span> <span class='ocrx_word' id='word_1_328' title='bbox 1013 2497 1078 2554; x_wconf 72' lang='lat' dir='ltr'><strong><em>line</em></strong></span> <span class='ocrx_word' id='word_1_329' title='bbox 1090 2507 1151 2552; x_wconf 79' lang='lat' dir='ltr'><strong><em>surm</em></strong></span> <span class='ocrx_word' id='word_1_330' title='bbox 1168 2497 1270 2551; x_wconf 76' lang='lat' dir='ltr'><strong><em>nantino</em></strong></span> <span class='ocrx_word' id='word_1_331' title='bbox 1287 2501 1428 2568; x_wconf 80' lang='lat' dir='ltr'><strong><em>presulum</em></strong></span> <span class='ocrx_word' id='word_1_332' title='bbox 1445 2494 1491 2565; x_wconf 78' lang='lat' dir='ltr'><strong><em>psi</em></strong></span> <span class='ocrx_word' id='word_1_333' title='bbox 1504 2492 1665 2550; x_wconf 83' lang='lat' dir='ltr'><strong><em>subscribere</em></strong></span> <span class='ocrx_word' id='word_1_334' title='bbox 1677 2493 1771 2549; x_wconf 79' lang='lat' dir='ltr'><strong><em>debete·</em></strong></span> 
     </span>
     <span class='ocr_line' id='line_1_26' title="bbox 129 2583 1770 2660; baseline -0.005 -14"><span class='ocrx_word' id='word_1_335' title='bbox 129 2585 374 2660; x_wconf 71' lang='lat' dir='ltr'><strong><em>predestinationis.</em></strong></span> <span class='ocrx_word' id='word_1_336' title='bbox 385 2596 399 2636; x_wconf 67' lang='lat' dir='ltr'><strong><em>‘t</em></strong></span> <span class='ocrx_word' id='word_1_337' title='bbox 423 2583 489 2639; x_wconf 78' lang='lat' dir='ltr'><strong><em>ttns</em></strong></span> <span class='ocrx_word' id='word_1_338' title='bbox 506 2587 572 2640; x_wconf 81' lang='lat' dir='ltr'><strong><em>euin</em></strong></span> <span class='ocrx_word' id='word_1_339' title='bbox 590 2584 640 2656; x_wconf 75' lang='lat' dir='ltr'><strong><em>patr</em></strong></span> <span class='ocrx_word' id='word_1_340' title='bbox 655 2587 728 2656; x_wconf 80' lang='lat' dir='ltr'><strong><em>artpa</em></strong></span> <span class='ocrx_word' id='word_1_341' title='bbox 740 2587 925 2640; x_wconf 85' lang='lat' dir='ltr'><strong><em>rsmrasessta-</em></strong></span> <span class='ocrx_word' id='word_1_342' title='bbox 977 2603 1054 2646; x_wconf 86' lang='lat' dir='ltr'><strong><em>rnm:</em></strong></span> <span class='ocrx_word' id='word_1_343' title='bbox 1068 2592 1187 2645; x_wconf 75' lang='lat' dir='ltr'><strong><em>seorsttus</em></strong></span> <span class='ocrx_word' id='word_1_344' title='bbox 1202 2589 1370 2652; x_wconf 77' lang='lat' dir='ltr'><strong><em>Arelatensis,</em></strong></span> <span class='ocrx_word' id='word_1_345' title='bbox 1390 2588 1434 2642; x_wconf 83' lang='lat' dir='ltr'><strong><em>sed</em></strong></span> <span class='ocrx_word' id='word_1_346' title='bbox 1452 2586 1500 2640; x_wconf 78' lang='lat' dir='ltr'><strong><em>atil</em></strong></span> <span class='ocrx_word' id='word_1_347' title='bbox 1516 2587 1604 2657; x_wconf 76' lang='lat' dir='ltr'><strong><em>tepent</em></strong></span> <span class='ocrx_word' id='word_1_348' title='bbox 1620 2585 1770 2648; x_wconf 69' lang='lat' dir='ltr'><strong><em>Auratum</em></strong></span> 
     </span>
     <span class='ocr_line' id='line_1_27' title="bbox 130 2673 1840 2750; baseline -0.011 -6"><span class='ocrx_word' id='word_1_349' title='bbox 130 2676 925 2749; x_wconf 61' lang='lat' dir='ltr'><strong><em>&#39;²⁹⁸⁸‚li1lfl’illl1ll&#39;iloedllll&#39;bssll&#39;ml‘msllssniflssmlilfflff·</em></strong></span> <span class='ocrx_word' id='word_1_350' title='bbox 978 2682 1102 2746; x_wconf 88' lang='lat' dir='ltr'><strong><em>Faustus,</em></strong></span> <span class='ocrx_word' id='word_1_351' title='bbox 1127 2681 1243 2746; x_wconf 82' lang='lat' dir='ltr'><strong><em>Paulus,</em></strong></span> <span class='ocrx_word' id='word_1_352' title='bbox 1268 2679 1425 2750; x_wconf 82' lang='lat' dir='ltr'><strong><em>Eutropius,</em></strong></span> <span class='ocrx_word' id='word_1_353' title='bbox 1450 2676 1630 2749; x_wconf 65' lang='lat' dir='ltr'><strong><em>Pragmatius,</em></strong></span> <span class='ocrx_word' id='word_1_354' title='bbox 1653 2673 1772 2737; x_wconf 75' lang='lat' dir='ltr'><strong><em>Patiens,</em></strong></span> <span class='ocrx_word' id='word_1_355' title='bbox 1837 2696 1840 2703; x_wconf 88' lang='grc'>·</span> 
     </span>
     <span class='ocr_line' id='line_1_28' title="bbox 132 2767 1772 2848; baseline -0.002 -24"><span class='ocrx_word' id='word_1_356' title='bbox 132 2769 196 2835; x_wconf 85' lang='lat' dir='ltr'><strong><em>tum,</em></strong></span> <span class='ocrx_word' id='word_1_357' title='bbox 209 2769 383 2823; x_wconf 79' lang='lat' dir='ltr'><strong><em>necessitatem</em></strong></span> <span class='ocrx_word' id='word_1_358' title='bbox 401 2767 547 2821; x_wconf 87' lang='lat' dir='ltr'><strong><em>actionibus</em></strong></span> <span class='ocrx_word' id='word_1_359' title='bbox 561 2778 586 2822; x_wconf 91' lang='lat' dir='ltr'><strong><em>et</em></strong></span> <span class='ocrx_word' id='word_1_360' title='bbox 600 2768 722 2821; x_wconf 80' lang='lat' dir='ltr'><strong><em>laumanoe</em></strong></span> <span class='ocrx_word' id='word_1_361' title='bbox 736 2767 861 2822; x_wconf 86' lang='lat' dir='ltr'><strong><em>uoluntati</em></strong></span> <span class='ocrx_word' id='word_1_362' title='bbox 875 2769 926 2820; x_wconf 91' lang='lat' dir='ltr'><strong><em>im·</em></strong></span> <span class='ocrx_word' id='word_1_363' title='bbox 978 2777 1112 2848; x_wconf 41' lang='lat' dir='ltr'><strong><em>maenius,</em></strong></span> <span class='ocrx_word' id='word_1_364' title='bbox 1127 2773 1264 2841; x_wconf 69' lang='lat' dir='ltr'><strong><em>claudius,</em></strong></span> <span class='ocrx_word' id='word_1_365' title='bbox 1273 2771 1434 2837; x_wconf 77' lang='lat' dir='ltr'><strong><em>-Leneadtus,</em></strong></span> <span class='ocrx_word' id='word_1_366' title='bbox 1445 2769 1579 2835; x_wconf 80' lang='lat' dir='ltr'><strong><em>lulianus,</em></strong></span> <span class='ocrx_word' id='word_1_367' title='bbox 1589 2770 1635 2838; x_wconf 81' lang='lat' dir='ltr'><strong><em>pus·</em></strong></span> <span class='ocrx_word' id='word_1_368' title='bbox 1645 2782 1736 2823; x_wconf 85' lang='lat' dir='ltr'><strong><em>ornnes</em></strong></span> <span class='ocrx_word' id='word_1_369' title='bbox 1746 2783 1772 2822; x_wconf 91' lang='lat' dir='ltr'><strong><em>so</em></strong></span> 
     </span>
     <span class='ocr_line' id='line_1_29' title="bbox 131 2858 1774 2939; baseline -0.006 -16"><span class='ocrx_word' id='word_1_370' title='bbox 131 2874 226 2932; x_wconf 81' lang='lat' dir='ltr'><strong><em>ponne</em></strong></span> <span class='ocrx_word' id='word_1_371' title='bbox 249 2860 430 2916; x_wconf 77' lang='lat' dir='ltr'><strong><em>contenderent</em></strong></span> <span class='ocrx_word' id='word_1_372' title='bbox 454 2860 667 2932; x_wconf 73' lang='lat' dir='ltr'><strong><em>senipetaptant.</em></strong></span> <span class='ocrx_word' id='word_1_373' title='bbox 693 2859 751 2916; x_wconf 83' lang='lat' dir='ltr'><strong><em>Nec</em></strong></span> <span class='ocrx_word' id='word_1_374' title='bbox 772 2861 867 2915; x_wconf 77' lang='lat' dir='ltr'><strong><em>nuum</em></strong></span> <span class='ocrx_word' id='word_1_375' title='bbox 889 2869 927 2915; x_wconf 82' lang='lat' dir='ltr'><strong><em>est</em></strong></span> <span class='ocrx_word' id='word_1_376' title='bbox 978 2868 1105 2939; x_wconf 72' lang='lat' dir='ltr'><strong><em>relegisse</em></strong></span> <span class='ocrx_word' id='word_1_377' title='bbox 1120 2867 1220 2930; x_wconf 84' lang='lat' dir='ltr'><strong><em>utcanr,</em></strong></span> <span class='ocrx_word' id='word_1_378' title='bbox 1235 2874 1340 2933; x_wconf 76' lang='lat' dir='ltr'><strong><em>eccepto</em></strong></span> <span class='ocrx_word' id='word_1_379' title='bbox 1353 2861 1494 2931; x_wconf 71' lang='lat' dir='ltr'><strong><em>nassonia,</em></strong></span> <span class='ocrx_word' id='word_1_380' title='bbox 1508 2861 1658 2932; x_wconf 58' lang='lat' dir='ltr'><strong><em>mattis:</em></strong></span> <span class='ocrx_word' id='word_1_381' title='bbox 1677 2858 1774 2915; x_wconf 71' lang='lat' dir='ltr'><strong><em>Eosd-</em></strong></span> 
     </span>
     <span class='ocr_line' id='line_1_30' title="bbox 131 2950 1786 3026; baseline -0.002 -17"><span class='ocrx_word' id='word_1_382' title='bbox 131 2950 546 3024; x_wconf 72' lang='lat' dir='ltr'><strong><em>episeoposts&#39;ertestatiatttcana</em></strong></span> <span class='ocrx_word' id='word_1_383' title='bbox 555 2952 925 3022; x_wconf 80' lang='lat' dir='ltr'><strong><em>eamamplcuassententiam,</em></strong></span> <span class='ocrx_word' id='word_1_384' title='bbox 977 2958 1090 3013; x_wconf 74' lang='lat' dir='ltr'><strong><em>miratus</em></strong></span> <span class='ocrx_word' id='word_1_385' title='bbox 1112 2971 1171 3010; x_wconf 83' lang='lat' dir='ltr'><strong><em>sum</em></strong></span> <span class='ocrx_word' id='word_1_386' title='bbox 1197 2952 1388 3024; x_wconf 84' lang='lat' dir='ltr'><strong><em>plenitudinem</em></strong></span> <span class='ocrx_word' id='word_1_387' title='bbox 1413 2960 1543 3008; x_wconf 80' lang='lat' dir='ltr'><strong><em>sunctum.</em></strong></span> <span class='ocrx_word' id='word_1_388' title='bbox 1573 2950 1691 3005; x_wconf 66' lang='lat' dir='ltr'><strong><em>laucidus</em></strong></span> <span class='ocrx_word' id='word_1_389' title='bbox 1716 2964 1786 3026; x_wconf 24' lang='lat' dir='ltr'><strong><em>cero,</em></strong></span> 
     </span>
     <span class='ocr_line' id='line_1_31' title="bbox 131 3043 1772 3121; baseline -0.006 -17"><span class='ocrx_word' id='word_1_390' title='bbox 131 3059 209 3116; x_wconf 66' lang='lat' dir='ltr'><strong><em>quum</em></strong></span> <span class='ocrx_word' id='word_1_391' title='bbox 223 3044 336 3114; x_wconf 76' lang='lat' dir='ltr'><strong><em>plerique</em></strong></span> <span class='ocrx_word' id='word_1_392' title='bbox 348 3053 452 3098; x_wconf 87' lang='lat' dir='ltr'><strong><em>tuentur</em></strong></span> <span class='ocrx_word' id='word_1_393' title='bbox 464 3043 589 3097; x_wconf 70' lang='lat' dir='ltr'><strong><em>hodierno</em></strong></span> <span class='ocrx_word' id='word_1_394' title='bbox 601 3043 652 3099; x_wconf 89' lang='lat' dir='ltr'><strong><em>die.</em></strong></span> <span class='ocrx_word' id='word_1_395' title='bbox 976 3059 1100 3121; x_wconf 78' lang='lat' dir='ltr'><strong><em>tartonam</em></strong></span> <span class='ocrx_word' id='word_1_396' title='bbox 1110 3050 1248 3117; x_wconf 79' lang='lat' dir='ltr'><strong><em>abnepator</em></strong></span> <span class='ocrx_word' id='word_1_397' title='bbox 1256 3045 1422 3116; x_wconf 74' lang='lat' dir='ltr'><strong><em>subsipnauit.</em></strong></span> <span class='ocrx_word' id='word_1_398' title='bbox 1437 3043 1582 3115; x_wconf 77' lang='lat' dir='ltr'><strong><em>subjicitur</em></strong></span> <span class='ocrx_word' id='word_1_399' title='bbox 1591 3059 1654 3097; x_wconf 78' lang='lat' dir='ltr'><strong><em>mac</em></strong></span> <span class='ocrx_word' id='word_1_400' title='bbox 1662 3043 1772 3116; x_wconf 86' lang='lat' dir='ltr'><strong><em>epistola</em></strong></span> 
     </span>
     <span class='ocr_line' id='line_1_32' title="bbox 103 3131 1774 3208; baseline -0.001 -17"><span class='ocrx_word' id='word_1_401' title='bbox 103 3166 107 3174; x_wconf 91' lang='lat'><strong>·</strong></span> <span class='ocrx_word' id='word_1_402' title='bbox 170 3135 226 3191; x_wconf 81' lang='lat' dir='ltr'><strong><em>ttt</em></strong></span> <span class='ocrx_word' id='word_1_403' title='bbox 232 3135 256 3190; x_wconf 95' lang='grc'><strong><em>1.</em></strong></span> <span class='ocrx_word' id='word_1_404' title='bbox 277 3136 410 3192; x_wconf 83' lang='lat' dir='ltr'><strong><em>liactenus</em></strong></span> <span class='ocrx_word' id='word_1_405' title='bbox 423 3137 455 3192; x_wconf 91' lang='lat' dir='ltr'><strong><em>de</em></strong></span> <span class='ocrx_word' id='word_1_406' title='bbox 466 3136 582 3192; x_wconf 90' lang='lat' dir='ltr'><strong><em>conciliis</em></strong></span> <span class='ocrx_word' id='word_1_407' title='bbox 593 3137 688 3192; x_wconf 80' lang='lat' dir='ltr'><strong><em>dabitis</em></strong></span> <span class='ocrx_word' id='word_1_408' title='bbox 701 3136 762 3191; x_wconf 92' lang='lat' dir='ltr'><strong><em>dum</em></strong></span> <span class='ocrx_word' id='word_1_409' title='bbox 776 3131 961 3208; x_wconf 80' lang='lat' dir='ltr'><strong><em>menapum-C</em></strong></span> <span class='ocrx_word' id='word_1_410' title='bbox 978 3137 1072 3194; x_wconf 86' lang='lat' dir='ltr'><strong><em>Fausti</em></strong></span> <span class='ocrx_word' id='word_1_411' title='bbox 1094 3139 1128 3191; x_wconf 87' lang='lat' dir='ltr'><strong><em>ad</em></strong></span> <span class='ocrx_word' id='word_1_412' title='bbox 1151 3137 1297 3203; x_wconf 84' lang='lat' dir='ltr'><strong><em>Lucidum,</em></strong></span> <span class='ocrx_word' id='word_1_413' title='bbox 1319 3152 1395 3206; x_wconf 82' lang='lat' dir='ltr'><strong><em>quam</em></strong></span> <span class='ocrx_word' id='word_1_414' title='bbox 1415 3136 1536 3190; x_wconf 82' lang='lat' dir='ltr'><strong><em>omiserat</em></strong></span> <span class='ocrx_word' id='word_1_415' title='bbox 1556 3132 1680 3188; x_wconf 78' lang='lat' dir='ltr'><strong><em>Caninius</em></strong></span> <span class='ocrx_word' id='word_1_416' title='bbox 1700 3143 1725 3188; x_wconf 89' lang='lat' dir='ltr'><strong><em>et</em></strong></span> <span class='ocrx_word' id='word_1_417' title='bbox 1742 3149 1774 3190; x_wconf 74' lang='lat' dir='ltr'><strong><em>es</em></strong></span> 
     </span>
     <span class='ocr_line' id='line_1_33' title="bbox 131 3225 1774 3301; baseline -0.003 -15"><span class='ocrx_word' id='word_1_418' title='bbox 131 3230 393 3300; x_wconf 77' lang='lat' dir='ltr'><strong><em>riumapcretatmum</em></strong></span> <span class='ocrx_word' id='word_1_419' title='bbox 400 3227 926 3301; x_wconf 77' lang='lat' dir='ltr'><strong><em>Faustus.NuttcdeLueido,quemfidem</em></strong></span> <span class='ocrx_word' id='word_1_420' title='bbox 980 3230 1122 3286; x_wconf 85' lang='lat' dir='ltr'><strong><em>Sirmuudo</em></strong></span> <span class='ocrx_word' id='word_1_421' title='bbox 1140 3229 1272 3299; x_wconf 88' lang='lat' dir='ltr'><strong><em>reponitur</em></strong></span> <span class='ocrx_word' id='word_1_422' title='bbox 1291 3225 1363 3298; x_wconf 82' lang='lat' dir='ltr'><strong><em>(vti.</em></strong></span> <span class='ocrx_word' id='word_1_423' title='bbox 1376 3279 1379 3287; x_wconf 83' lang='grc'><strong>,</strong></span> <span class='ocrx_word' id='word_1_424' title='bbox 1391 3227 1458 3281; x_wconf 82' lang='lat' dir='ltr'><strong><em>iulrs</em></strong></span> <span class='ocrx_word' id='word_1_425' title='bbox 1470 3226 1523 3280; x_wconf 76' lang='lat' dir='ltr'><strong><em>eal.</em></strong></span> <span class='ocrx_word' id='word_1_426' title='bbox 1548 3225 1624 3296; x_wconf 76' lang='lat'><strong><em>837),</em></strong></span> <span class='ocrx_word' id='word_1_427' title='bbox 1642 3234 1670 3278; x_wconf 84' lang='lat' dir='ltr'><strong><em>ut</em></strong></span> <span class='ocrx_word' id='word_1_428' title='bbox 1695 3232 1774 3281; x_wconf 85' lang='lat' dir='ltr'><strong><em>totam</em></strong></span> 
     </span>
     <span class='ocr_line' id='line_1_34' title="bbox 132 3315 1774 3392; baseline -0.004 -18"><span class='ocrx_word' id='word_1_429' title='bbox 132 3320 271 3389; x_wconf 87' lang='lat' dir='ltr'><strong><em>pristinam</em></strong></span> <span class='ocrx_word' id='word_1_430' title='bbox 283 3319 421 3388; x_wconf 70' lang='lat' dir='ltr'><strong><em>abnecasse</em></strong></span> <span class='ocrx_word' id='word_1_431' title='bbox 432 3318 587 3373; x_wconf 87' lang='lat' dir='ltr'><strong><em>contendunt</em></strong></span> <span class='ocrx_word' id='word_1_432' title='bbox 599 3317 714 3389; x_wconf 89' lang='lat' dir='ltr'><strong><em>plurimi,</em></strong></span> <span class='ocrx_word' id='word_1_433' title='bbox 727 3328 818 3391; x_wconf 78' lang='lat' dir='ltr'><strong><em>crepant</em></strong></span> <span class='ocrx_word' id='word_1_434' title='bbox 832 3320 887 3376; x_wconf 89' lang='lat' dir='ltr'><strong><em>alii.</em></strong></span> <span class='ocrx_word' id='word_1_435' title='bbox 978 3323 1016 3378; x_wconf 79' lang='lat' dir='ltr'><strong><em>rei</em></strong></span> <span class='ocrx_word' id='word_1_436' title='bbox 1038 3323 1128 3377; x_wconf 88' lang='lat' dir='ltr'><strong><em>seriem</em></strong></span> <span class='ocrx_word' id='word_1_437' title='bbox 1145 3321 1287 3392; x_wconf 83' lang='lat' dir='ltr'><strong><em>percipiant</em></strong></span> <span class='ocrx_word' id='word_1_438' title='bbox 1307 3321 1422 3376; x_wconf 86' lang='lat' dir='ltr'><strong><em>lectores.</em></strong></span> <span class='ocrx_word' id='word_1_439' title='bbox 1448 3317 1501 3375; x_wconf 86' lang='lat' dir='ltr'><strong><em>Sed</em></strong></span> <span class='ocrx_word' id='word_1_440' title='bbox 1523 3316 1666 3371; x_wconf 87' lang='lat' dir='ltr'><strong><em>admonitio</em></strong></span> <span class='ocrx_word' id='word_1_441' title='bbox 1679 3315 1774 3371; x_wconf 79' lang='lat' dir='ltr'><strong><em>Fausti</em></strong></span> 
     </span>
     <span class='ocr_line' id='line_1_35' title="bbox 169 3406 1775 3487; baseline 0.002 -24"><span class='ocrx_word' id='word_1_442' title='bbox 169 3406 235 3463; x_wconf 73' lang='lat' dir='ltr'><strong><em>llaec</em></strong></span> <span class='ocrx_word' id='word_1_443' title='bbox 248 3408 321 3464; x_wconf 90' lang='lat' dir='ltr'><strong><em>nabis</em></strong></span> <span class='ocrx_word' id='word_1_444' title='bbox 335 3409 484 3464; x_wconf 78' lang='lat' dir='ltr'><strong><em>verisimilia</em></strong></span> <span class='ocrx_word' id='word_1_445' title='bbox 500 3411 591 3465; x_wconf 89' lang='lat' dir='ltr'><strong><em>saltem</em></strong></span> <span class='ocrx_word' id='word_1_446' title='bbox 604 3410 722 3465; x_wconf 87' lang='lat' dir='ltr'><strong><em>uidentur</em></strong></span> <span class='ocrx_word' id='word_1_447' title='bbox 735 3427 744 3464; x_wconf 91' lang='lat'><strong><em>.·</em></strong></span> <span class='ocrx_word' id='word_1_448' title='bbox 764 3410 790 3463; x_wconf 85' lang='grc'><strong><em>1·</em></strong></span> <span class='ocrx_word' id='word_1_449' title='bbox 805 3412 878 3467; x_wconf 80' lang='lat' dir='ltr'><strong><em>Tune</em></strong></span> <span class='ocrx_word' id='word_1_450' title='bbox 898 3413 926 3468; x_wconf 90' lang='lat' dir='ltr'><strong><em>in</em></strong></span> <span class='ocrx_word' id='word_1_451' title='bbox 980 3417 1021 3469; x_wconf 82' lang='lat' dir='ltr'><strong><em>iric</em></strong></span> <span class='ocrx_word' id='word_1_452' title='bbox 1032 3415 1210 3487; x_wconf 81' lang='lat' dir='ltr'><strong><em>praemittenda</em></strong></span> <span class='ocrx_word' id='word_1_453' title='bbox 1227 3413 1312 3486; x_wconf 74' lang='lat' dir='ltr'><strong><em>(ittam</em></strong></span> <span class='ocrx_word' id='word_1_454' title='bbox 1329 3428 1378 3469; x_wconf 87' lang='lat' dir='ltr'><strong><em>nos</em></strong></span> <span class='ocrx_word' id='word_1_455' title='bbox 1393 3413 1464 3468; x_wconf 83' lang='lat' dir='ltr'><strong><em>inter</em></strong></span> <span class='ocrx_word' id='word_1_456' title='bbox 1479 3424 1620 3467; x_wconf 81' lang='lat' dir='ltr'><strong><em>sermones</em></strong></span> <span class='ocrx_word' id='word_1_457' title='bbox 1639 3410 1775 3467; x_wconf 82' lang='lat' dir='ltr'><strong><em>edidimus</em></strong></span> 
     </span>
     <span class='ocr_line' id='line_1_36' title="bbox 132 3501 1198 3576; baseline 0.003 -20"><span class='ocrx_word' id='word_1_458' title='bbox 132 3501 271 3570; x_wconf 84' lang='lat' dir='ltr'><strong><em>Aquitania</em></strong></span> <span class='ocrx_word' id='word_1_459' title='bbox 283 3502 406 3573; x_wconf 77' lang='lat' dir='ltr'><strong><em>presules</em></strong></span> <span class='ocrx_word' id='word_1_460' title='bbox 422 3501 466 3572; x_wconf 84' lang='lat' dir='ltr'><strong><em>oui</em></strong></span> <span class='ocrx_word' id='word_1_461' title='bbox 481 3517 495 3557; x_wconf 90' lang='lat' dir='ltr'><strong><em>e</em></strong></span> <span class='ocrx_word' id='word_1_462' title='bbox 513 3503 667 3558; x_wconf 88' lang='lat' dir='ltr'><strong><em>rnonaoterio</em></strong></span> <span class='ocrx_word' id='word_1_463' title='bbox 688 3504 816 3560; x_wconf 74' lang='lat' dir='ltr'><strong><em>lirinensi·</em></strong></span> <span class='ocrx_word' id='word_1_464' title='bbox 834 3505 920 3561; x_wconf 82' lang='lat' dir='ltr'><strong><em>elicie-</em></strong></span> <span class='ocrx_word' id='word_1_465' title='bbox 975 3506 1042 3564; x_wconf 85' lang='lat' dir='ltr'><strong><em>inim</em></strong></span> <span class='ocrx_word' id='word_1_466' title='bbox 1057 3505 1198 3576; x_wconf 60' lang='grc'>0118871.</span> 
     </span>
    </p>
   </div>
   <div class='ocr_carea' id='block_1_3' title="bbox 167 3619 1539 3696">
    <p class='ocr_par' dir='ltr' id='par_1_3' title="bbox 167 3619 1539 3696">
     <span class='ocr_line' id='line_1_37' title="bbox 167 3619 1539 3696; baseline -0.001 -20"><span class='ocrx_word' id='word_1_467' title='bbox 167 3619 279 3692; x_wconf 79' lang='lat' dir='ltr'><strong><em>(euntes</em></strong></span> <span class='ocrx_word' id='word_1_468' title='bbox 290 3623 314 3678; x_wconf 84' lang='lat' dir='ltr'><strong><em>si</em></strong></span> <span class='ocrx_word' id='word_1_469' title='bbox 327 3621 428 3693; x_wconf 76' lang='lat' dir='ltr'><strong><em>placet,</em></strong></span> <span class='ocrx_word' id='word_1_470' title='bbox 437 3631 516 3694; x_wconf 80' lang='lat' dir='ltr'><strong><em>eaput</em></strong></span> <span class='ocrx_word' id='word_1_471' title='bbox 529 3623 547 3679; x_wconf 84' lang='lat'>8</span> <span class='ocrx_word' id='word_1_472' title='bbox 562 3622 687 3678; x_wconf 80' lang='lat' dir='ltr'><strong><em>Historiae</em></strong></span> <span class='ocrx_word' id='word_1_473' title='bbox 700 3624 942 3694; x_wconf 78' lang='lat' dir='ltr'><strong><em>praedestinatiana,</em></strong></span> <span class='ocrx_word' id='word_1_474' title='bbox 959 3624 1115 3696; x_wconf 67' lang='lat' dir='ltr'><strong><em>intronata</em></strong></span> <span class='ocrx_word' id='word_1_475' title='bbox 1129 3633 1227 3681; x_wconf 74' lang='lat' dir='ltr'><strong><em>nostra</em></strong></span> <span class='ocrx_word' id='word_1_476' title='bbox 1240 3631 1305 3679; x_wconf 89' lang='lat' dir='ltr'><strong><em>tum.</em></strong></span> <span class='ocrx_word' id='word_1_477' title='bbox 1318 3621 1383 3689; x_wconf 88' lang='lat' dir='ltr'><strong><em>Llll,</em></strong></span> <span class='ocrx_word' id='word_1_478' title='bbox 1397 3620 1449 3678; x_wconf 86' lang='lat' dir='ltr'><strong><em>eal.</em></strong></span> <span class='ocrx_word' id='word_1_479' title='bbox 1462 3619 1539 3691; x_wconf 76' lang='lat'><strong>685.)</strong></span> 
     </span>
    </p>
   </div>
   <div class='ocr_carea' id='block_1_4' title="bbox 135 3906 1767 4250">
    <p class='ocr_par' dir='ltr' id='par_1_4' title="bbox 135 3906 1767 4250">
     <span class='ocr_line' id='line_1_38' title="bbox 597 3906 1305 4023; baseline -0.004 0"><span class='ocrx_word' id='word_1_480' title='bbox 597 3906 930 4023; x_wconf 71' lang='lat' dir='ltr'><strong><em>SANG&#39;I&#39;I</em></strong></span> <span class='ocrx_word' id='word_1_481' title='bbox 967 3906 1305 4023; x_wconf 66' lang='lat' dir='ltr'><strong><em>raum</em></strong></span> 
     </span>
     <span class='ocr_line' id='line_1_39' title="bbox 135 4112 1767 4250; baseline 0.004 -6"><span class='ocrx_word' id='word_1_482' title='bbox 135 4114 260 4244; x_wconf 87' lang='lat' dir='ltr'><strong><em>DE</em></strong></span> <span class='ocrx_word' id='word_1_483' title='bbox 292 4112 629 4242; x_wconf 81' lang='lat' dir='ltr'><strong><em>GRATIA</em></strong></span> <span class='ocrx_word' id='word_1_484' title='bbox 652 4119 805 4240; x_wconf 88' lang='lat' dir='ltr'><strong><em>DEI</em></strong></span> <span class='ocrx_word' id='word_1_485' title='bbox 838 4116 950 4243; x_wconf 89' lang='grc' dir='ltr'><strong><em>ΕΤ</em></strong></span> <span class='ocrx_word' id='word_1_486' title='bbox 979 4117 1317 4247; x_wconf 83' lang='lat' dir='ltr'>LIBERO</span> <span class='ocrx_word' id='word_1_487' title='bbox 1342 4116 1767 4250; x_wconf 85' lang='lat' dir='ltr'>ARBITRIO</span> 
     </span>
    </p>
   </div>
   <div class='ocr_carea' id='block_1_5' title="bbox 860 4316 1051 4377">
    <p class='ocr_par' dir='ltr' id='par_1_5' title="bbox 860 4316 1051 4377">
     <span class='ocr_line' id='line_1_40' title="bbox 860 4316 1051 4377; baseline 0.01 -5"><span class='ocrx_word' id='word_1_488' title='bbox 860 4316 950 4374; x_wconf 78' lang='lat' dir='ltr'><strong><em>ututtt</em></strong></span> <span class='ocrx_word' id='word_1_489' title='bbox 972 4320 1051 4377; x_wconf 86' lang='lat' dir='ltr'><strong>DUO.</strong></span> 
     </span>
    </p>
   </div>
   <div class='ocr_carea' id='block_1_6' title="bbox 770 4463 1132 4498">
    <p class='ocr_par' dir='ltr' id='par_1_6' title="bbox 770 4463 1132 4498">
     <span class='ocr_line' id='line_1_41' title="bbox 770 4463 1132 4498; baseline 0.003 -21"><span class='ocrx_word' id='word_1_490' title='bbox 770 4463 1132 4498; x_wconf 33' lang='lat' dir='ltr'><strong><em>„Q</em></strong></span> 
     </span>
    </p>
   </div>
   <div class='ocr_carea' id='block_1_7' title="bbox 646 4581 1253 4699">
    <p class='ocr_par' dir='ltr' id='par_1_7' title="bbox 646 4581 1253 4699">
     <span class='ocr_line' id='line_1_42' title="bbox 646 4581 1253 4699; baseline 0.013 -9"><span class='ocrx_word' id='word_1_491' title='bbox 646 4581 886 4691; x_wconf 83' lang='lat' dir='ltr'><em>LIBER</em></span> <span class='ocrx_word' id='word_1_492' title='bbox 925 4586 1253 4699; x_wconf 77' lang='lat' dir='ltr'><strong><em>PRIMUS.</em></strong></span> 
     </span>
    </p>
   </div>
   <div class='ocr_carea' id='block_1_8' title="bbox 136 4761 1771 4946">
    <p class='ocr_par' dir='ltr' id='par_1_8' title="bbox 136 4761 1771 4946">
     <span class='ocr_line' id='line_1_43' title="bbox 392 4761 1769 4842; baseline 0.002 -2"><span class='ocrx_word' id='word_1_493' title='bbox 392 4761 507 4818; x_wconf 59' lang='lat' dir='ltr'>CAPUT</span> <span class='ocrx_word' id='word_1_494' title='bbox 525 4762 670 4819; x_wconf 62' lang='lat' dir='ltr'>Pssfflflfl·</span> <span class='ocrx_word' id='word_1_495' title='bbox 939 4769 1037 4832; x_wconf 84' lang='lat' dir='ltr'><strong><em>Dsine</em></strong></span> <span class='ocrx_word' id='word_1_496' title='bbox 1049 4772 1145 4842; x_wconf 76' lang='lat' dir='ltr'><strong><em>protis,</em></strong></span> <span class='ocrx_word' id='word_1_497' title='bbox 1156 4773 1273 4832; x_wconf 86' lang='lat' dir='ltr'><strong><em>elatione</em></strong></span> <span class='ocrx_word' id='word_1_498' title='bbox 1282 4774 1429 4834; x_wconf 79' lang='lat' dir='ltr'><strong><em>damnabili</em></strong></span> <span class='ocrx_word' id='word_1_499' title='bbox 1442 4777 1577 4836; x_wconf 75' lang='lat' dir='ltr'><strong><em>clismate</em></strong></span> <span class='ocrx_word' id='word_1_500' title='bbox 1589 4788 1705 4840; x_wconf 77' lang='lat' dir='ltr'><strong><em>cunctas</em></strong></span> <span class='ocrx_word' id='word_1_501' title='bbox 1718 4793 1769 4842; x_wconf 87' lang='lat' dir='ltr'><strong><em>est.</em></strong></span> 
     </span>
     <span class='ocr_line' id='line_1_44' title="bbox 136 4853 1771 4946; baseline 0.008 -35"><span class='ocrx_word' id='word_1_502' title='bbox 136 4855 212 4922; x_wconf 82' lang='lat' dir='ltr'><strong><em>Quod</em></strong></span> <span class='ocrx_word' id='word_1_503' title='bbox 224 4853 324 4924; x_wconf 68' lang='lat' dir='ltr'><strong><em>estant</em></strong></span> <span class='ocrx_word' id='word_1_504' title='bbox 338 4869 427 4908; x_wconf 87' lang='lat' dir='ltr'><strong><em>sertsus</em></strong></span> <span class='ocrx_word' id='word_1_505' title='bbox 436 4855 480 4921; x_wconf 82' lang='lat' dir='ltr'><strong><em>qui</em></strong></span> <span class='ocrx_word' id='word_1_506' title='bbox 490 4855 600 4923; x_wconf 78' lang='lat' dir='ltr'><strong><em>pontiam</em></strong></span> <span class='ocrx_word' id='word_1_507' title='bbox 614 4855 714 4926; x_wconf 67' lang='lat' dir='ltr'><strong><em>rimavit</em></strong></span> <span class='ocrx_word' id='word_1_508' title='bbox 725 4856 806 4926; x_wconf 90' lang='lat' dir='ltr'><strong><em>prima</em></strong></span> <span class='ocrx_word' id='word_1_509' title='bbox 819 4856 875 4912; x_wconf 90' lang='lat' dir='ltr'><strong><em>loeo</em></strong></span> <span class='ocrx_word' id='word_1_510' title='bbox 884 4872 926 4912; x_wconf 90' lang='lat' dir='ltr'><strong><em>ne·</em></strong></span> <span class='ocrx_word' id='word_1_511' title='bbox 981 4860 1014 4915; x_wconf 86' lang='lat' dir='ltr'><strong><em>Et</em></strong></span> <span class='ocrx_word' id='word_1_512' title='bbox 1028 4861 1088 4916; x_wconf 90' lang='lat' dir='ltr'><strong><em>ideo</em></strong></span> <span class='ocrx_word' id='word_1_513' title='bbox 1099 4862 1214 4919; x_wconf 79' lang='lat' dir='ltr'><strong><em>nefarios</em></strong></span> <span class='ocrx_word' id='word_1_514' title='bbox 1237 4878 1334 4922; x_wconf 82' lang='lat' dir='ltr'><strong><em>sensus</em></strong></span> <span class='ocrx_word' id='word_1_515' title='bbox 1344 4880 1410 4924; x_wconf 82' lang='lat' dir='ltr'><strong><em>suos</em></strong></span> <span class='ocrx_word' id='word_1_516' title='bbox 1430 4867 1475 4924; x_wconf 82' lang='lat' dir='ltr'><strong><em>uel</em></strong></span> <span class='ocrx_word' id='word_1_517' title='bbox 1496 4884 1530 4925; x_wconf 85' lang='lat' dir='ltr'><strong><em>ex</em></strong></span> <span class='ocrx_word' id='word_1_518' title='bbox 1553 4881 1629 4940; x_wconf 88' lang='lat' dir='ltr'><strong><em>parta</em></strong></span> <span class='ocrx_word' id='word_1_519' title='bbox 1642 4873 1732 4946; x_wconf 75' lang='lat' dir='ltr'><strong><em>alique</em></strong></span> <span class='ocrx_word' id='word_1_520' title='bbox 1744 4875 1771 4931; x_wconf 82' lang='lat' dir='ltr'><strong><em>in</em></strong></span> 
     </span>
    </p>
   </div>
   <div class='ocr_carea' id='block_1_9' title="bbox 135 4925 1771 5485">
    <p class='ocr_par' dir='ltr' id='par_1_9' title="bbox 413 4925 1771 5035">
     <span class='ocr_line' id='line_1_45' title="bbox 413 4925 1771 5035; baseline 0.017 -37"><span class='ocrx_word' id='word_1_521' title='bbox 413 4934 522 4978; x_wconf 57' lang='lat' dir='ltr'><strong><em>“dm“</em></strong></span> <span class='ocrx_word' id='word_1_522' title='bbox 537 4925 642 4979; x_wconf 73' lang='lat'><strong><em>‘¹⁶⁸‘¹&#39;¹¹¹·</em></strong></span> <span class='ocrx_word' id='word_1_523' title='bbox 979 4951 1096 5007; x_wconf 86' lang='lat' dir='ltr'><strong><em>medium</em></strong></span> <span class='ocrx_word' id='word_1_524' title='bbox 1120 4954 1241 5024; x_wconf 87' lang='lat' dir='ltr'><strong><em>prolerre</em></strong></span> <span class='ocrx_word' id='word_1_525' title='bbox 1263 4958 1428 5029; x_wconf 81' lang='lat' dir='ltr'><strong><em>curabimus,</em></strong></span> <span class='ocrx_word' id='word_1_526' title='bbox 1451 4968 1480 5013; x_wconf 90' lang='lat' dir='ltr'><strong><em>ut</em></strong></span> <span class='ocrx_word' id='word_1_527' title='bbox 1503 4960 1634 5017; x_wconf 78' lang='lat' dir='ltr'><strong><em>solllcitus</em></strong></span> <span class='ocrx_word' id='word_1_528' title='bbox 1659 4965 1771 5035; x_wconf 75' lang='lat' dir='ltr'><strong><em>quisque</em></strong></span> 
     </span>
    </p>

    <p class='ocr_par' dir='ltr' id='par_1_10' title="bbox 135 5035 1770 5485">
     <span class='ocr_line' id='line_1_46' title="bbox 172 5035 1770 5122; baseline 0.013 -31"><span class='ocrx_word' id='word_1_529' title='bbox 172 5036 211 5092; x_wconf 80' lang='lat' dir='ltr'><strong><em>iio</em></strong></span> <span class='ocrx_word' id='word_1_530' title='bbox 224 5037 308 5108; x_wconf 75' lang='lat' dir='ltr'><strong><em>gratia</em></strong></span> <span class='ocrx_word' id='word_1_531' title='bbox 335 5035 383 5091; x_wconf 80' lang='lat' dir='ltr'><strong><em>Dei</em></strong></span> <span class='ocrx_word' id='word_1_532' title='bbox 401 5043 430 5091; x_wconf 88' lang='lat' dir='ltr'><strong><em>et</em></strong></span> <span class='ocrx_word' id='word_1_533' title='bbox 449 5035 579 5092; x_wconf 75' lang='lat' dir='ltr'><strong><em>tenuitate</em></strong></span> <span class='ocrx_word' id='word_1_534' title='bbox 593 5036 670 5093; x_wconf 85' lang='lat' dir='ltr'><strong><em>liberi</em></strong></span> <span class='ocrx_word' id='word_1_535' title='bbox 689 5037 804 5108; x_wconf 85' lang='lat' dir='ltr'><strong><em>arbitrii,</em></strong></span> <span class='ocrx_word' id='word_1_536' title='bbox 828 5039 926 5097; x_wconf 88' lang='lat' dir='ltr'><strong><em>illumi·</em></strong></span> <span class='ocrx_word' id='word_1_537' title='bbox 979 5052 1134 5114; x_wconf 74' lang='lat' dir='ltr'><strong><em>rugnosum,</em></strong></span> <span class='ocrx_word' id='word_1_538' title='bbox 1147 5046 1231 5101; x_wconf 89' lang='lat' dir='ltr'><strong><em>mutto</em></strong></span> <span class='ocrx_word' id='word_1_539' title='bbox 1245 5047 1317 5103; x_wconf 81' lang='lat' dir='ltr'><strong><em>oiiu&#39;d</em></strong></span> <span class='ocrx_word' id='word_1_540' title='bbox 1331 5061 1392 5104; x_wconf 83' lang='lat' dir='ltr'><strong><em>esse</em></strong></span> <span class='ocrx_word' id='word_1_541' title='bbox 1412 5049 1524 5106; x_wconf 78' lang='lat' dir='ltr'><strong><em>salutari</em></strong></span> <span class='ocrx_word' id='word_1_542' title='bbox 1541 5051 1636 5122; x_wconf 72' lang='lat' dir='ltr'><strong><em>pmtlte</em></strong></span> <span class='ocrx_word' id='word_1_543' title='bbox 1651 5053 1770 5111; x_wconf 80' lang='lat' dir='ltr'><strong><em>officium</em></strong></span> 
     </span>
     <span class='ocr_line' id='line_1_47' title="bbox 135 5127 1770 5215; baseline 0.009 -30"><span class='ocrx_word' id='word_1_544' title='bbox 135 5137 218 5186; x_wconf 80' lang='lat' dir='ltr'><strong><em>notris</em></strong></span> <span class='ocrx_word' id='word_1_545' title='bbox 232 5137 326 5184; x_wconf 82' lang='lat' dir='ltr'><strong><em>saneto</em></strong></span> <span class='ocrx_word' id='word_1_546' title='bbox 339 5127 452 5198; x_wconf 86' lang='lat' dir='ltr'><strong><em>Spiritu,</em></strong></span> <span class='ocrx_word' id='word_1_547' title='bbox 477 5127 551 5198; x_wconf 84' lang='lat' dir='ltr'><strong><em>justo</em></strong></span> <span class='ocrx_word' id='word_1_548' title='bbox 574 5132 743 5202; x_wconf 75' lang='lat' dir='ltr'><strong><em>evangelicus</em></strong></span> <span class='ocrx_word' id='word_1_549' title='bbox 757 5131 923 5203; x_wconf 79' lang='lat' dir='ltr'><strong><em>disciplinas,</em></strong></span> <span class='ocrx_word' id='word_1_550' title='bbox 978 5134 1078 5190; x_wconf 83' lang='lat' dir='ltr'><strong><em>loboris</em></strong></span> <span class='ocrx_word' id='word_1_551' title='bbox 1100 5135 1256 5207; x_wconf 70' lang='lat' dir='ltr'><strong><em>adjungere,</em></strong></span> <span class='ocrx_word' id='word_1_552' title='bbox 1279 5138 1350 5194; x_wconf 81' lang='lat' dir='ltr'><strong><em>aliod</em></strong></span> <span class='ocrx_word' id='word_1_553' title='bbox 1364 5150 1429 5195; x_wconf 81' lang='lat' dir='ltr'><strong><em>roro</em></strong></span> <span class='ocrx_word' id='word_1_554' title='bbox 1444 5140 1545 5197; x_wconf 83' lang='lat' dir='ltr'><strong><em>nudum</em></strong></span> <span class='ocrx_word' id='word_1_555' title='bbox 1558 5143 1662 5215; x_wconf 70' lang='lat' dir='ltr'><strong><em>nmque</em></strong></span> <span class='ocrx_word' id='word_1_556' title='bbox 1679 5152 1770 5215; x_wconf 77' lang='lat' dir='ltr'><strong><em>petro-</em></strong></span> 
     </span>
     <span class='ocr_line' id='line_1_48' title="bbox 136 5211 1770 5306; baseline 0.009 -29"><span class='ocrx_word' id='word_1_557' title='bbox 136 5229 164 5278; x_wconf 89' lang='lat' dir='ltr'><strong><em>et</em></strong></span> <span class='ocrx_word' id='word_1_558' title='bbox 176 5219 337 5291; x_wconf 82' lang='lat' dir='ltr'><strong><em>apostoticae</em></strong></span> <span class='ocrx_word' id='word_1_559' title='bbox 348 5216 456 5288; x_wconf 73' lang='lat' dir='ltr'><strong><em>reputas</em></strong></span> <span class='ocrx_word' id='word_1_560' title='bbox 467 5219 616 5288; x_wconf 75' lang='lat' dir='ltr'><strong><em>tractaturi,</em></strong></span> <span class='ocrx_word' id='word_1_561' title='bbox 640 5222 728 5291; x_wconf 87' lang='lat' dir='ltr'><strong><em>primo</em></strong></span> <span class='ocrx_word' id='word_1_562' title='bbox 750 5221 811 5279; x_wconf 83' lang='lat' dir='ltr'><strong><em>laoo</em></strong></span> <span class='ocrx_word' id='word_1_563' title='bbox 824 5211 925 5294; x_wconf 77' lang='lat' dir='ltr'><strong><em>Pelagii</em></strong></span> <span class='ocrx_word' id='word_1_564' title='bbox 978 5227 1272 5298; x_wconf 77' lang='lat' dir='ltr'><strong><em>einiogratiaelulrarem</em></strong></span> <span class='ocrx_word' id='word_1_565' title='bbox 1284 5231 1694 5292; x_wconf 80' lang='lat' dir='ltr'><strong><em>uemsmuteanassserers.ttte</em></strong></span> <span class='ocrx_word' id='word_1_566' title='bbox 1705 5250 1770 5306; x_wconf 68' lang='lat' dir='ltr'><strong><em>erno</em></strong></span> 
     </span>
     <span class='ocr_line' id='line_1_49' title="bbox 138 5307 1769 5391; baseline 0.009 -23"><span class='ocrx_word' id='word_1_567' title='bbox 138 5311 329 5383; x_wconf 76' lang='lat' dir='ltr'><strong><em>blasphemias,</em></strong></span> <span class='ocrx_word' id='word_1_568' title='bbox 350 5308 452 5365; x_wconf 83' lang='lat' dir='ltr'><strong><em>scilieet</em></strong></span> <span class='ocrx_word' id='word_1_569' title='bbox 468 5307 625 5378; x_wconf 84' lang='lat' dir='ltr'><strong><em>jamdudum</em></strong></span> <span class='ocrx_word' id='word_1_570' title='bbox 640 5311 768 5368; x_wconf 77' lang='lat' dir='ltr'><strong><em>Ecclesioe</em></strong></span> <span class='ocrx_word' id='word_1_571' title='bbox 786 5311 925 5370; x_wconf 79' lang='lat' dir='ltr'><strong><em>mtbolieae</em></strong></span> <span class='ocrx_word' id='word_1_572' title='bbox 977 5317 1289 5375; x_wconf 83' lang='lat' dir='ltr'><strong><em>dumeltiusimmsnom</em></strong></span> <span class='ocrx_word' id='word_1_573' title='bbox 1314 5320 1495 5391; x_wconf 65' lang='lat' dir='ltr'><strong><em>buciliensem,</em></strong></span> <span class='ocrx_word' id='word_1_574' title='bbox 1520 5324 1664 5380; x_wconf 82' lang='lat' dir='ltr'><strong><em>immernor</em></strong></span> <span class='ocrx_word' id='word_1_575' title='bbox 1686 5326 1769 5383; x_wconf 78' lang='lat' dir='ltr'><strong><em>dirisi</em></strong></span> 
     </span>
     <span class='ocr_line' id='line_1_50' title="bbox 136 5396 1769 5485; baseline 0.009 -26"><span class='ocrx_word' id='word_1_576' title='bbox 136 5403 191 5460; x_wconf 83' lang='lat' dir='ltr'><strong><em>lide</em></strong></span> <span class='ocrx_word' id='word_1_577' title='bbox 205 5403 335 5474; x_wconf 83' lang='lat' dir='ltr'><strong><em>proditos,</em></strong></span> <span class='ocrx_word' id='word_1_578' title='bbox 351 5396 502 5458; x_wconf 86' lang='lat' dir='ltr'><strong><em>eruditione</em></strong></span> <span class='ocrx_word' id='word_1_579' title='bbox 516 5400 650 5467; x_wconf 86' lang='lat' dir='ltr'><strong><em>contusos,</em></strong></span> <span class='ocrx_word' id='word_1_580' title='bbox 667 5405 825 5460; x_wconf 70' lang='lat' dir='ltr'><strong><em>auctoritate</em></strong></span> <span class='ocrx_word' id='word_1_581' title='bbox 838 5404 925 5462; x_wconf 79' lang='lat' dir='ltr'><strong><em>esleu-</em></strong></span> <span class='ocrx_word' id='word_1_582' title='bbox 978 5409 1092 5478; x_wconf 87' lang='lat' dir='ltr'><strong><em>timoris,</em></strong></span> <span class='ocrx_word' id='word_1_583' title='bbox 1116 5411 1231 5480; x_wconf 81' lang='lat' dir='ltr'><strong><em>extollit,</em></strong></span> <span class='ocrx_word' id='word_1_584' title='bbox 1252 5411 1346 5481; x_wconf 74' lang='lat' dir='ltr'><strong><em>iudicii</em></strong></span> <span class='ocrx_word' id='word_1_585' title='bbox 1369 5412 1410 5469; x_wconf 85' lang='lat' dir='ltr'><strong><em>a&#39;ui</em></strong></span> <span class='ocrx_word' id='word_1_586' title='bbox 1431 5413 1551 5485; x_wconf 86' lang='lat' dir='ltr'><strong><em>perdidit</em></strong></span> <span class='ocrx_word' id='word_1_587' title='bbox 1560 5416 1716 5473; x_wconf 76' lang='lat' dir='ltr'><strong><em>mattarum.</em></strong></span> <span class='ocrx_word' id='word_1_588' title='bbox 1729 5417 1769 5473; x_wconf 77' lang='lat' dir='ltr'><strong><em>ltu</em></strong></span> 
     </span>
    </p>
   </div>
   <div class='ocr_carea' id='block_1_10' title="bbox 37 5493 1769 5573">
    <p class='ocr_par' dir='ltr' id='par_1_11' title="bbox 37 5493 1769 5573">
     <span class='ocr_line' id='line_1_51' title="bbox 37 5493 1769 5573; baseline 0.01 -25"><span class='ocrx_word' id='word_1_589' title='bbox 37 5563 40 5569; x_wconf 25' lang='grc' dir='ltr'>Ι</span> <span class='ocrx_word' id='word_1_590' title='bbox 82 5543 84 5546; x_wconf 75' lang='grc'>,</span> <span class='ocrx_word' id='word_1_591' title='bbox 138 5503 189 5562; x_wconf 83' lang='lat' dir='ltr'><strong><em>tus,</em></strong></span> <span class='ocrx_word' id='word_1_592' title='bbox 205 5495 316 5551; x_wconf 83' lang='lat' dir='ltr'><strong><em>brevies</em></strong></span> <span class='ocrx_word' id='word_1_593' title='bbox 327 5493 613 5548; x_wconf 75' lang='lat' dir='ltr'><strong><em>aerumnosus-mons</em></strong></span> <span class='ocrx_word' id='word_1_594' title='bbox 627 5495 924 5565; x_wconf 72' lang='lat' dir='ltr'><strong><em>praestringendasesse</em></strong></span> <span class='ocrx_word' id='word_1_595' title='bbox 977 5511 1101 5573; x_wconf 79' lang='lat' dir='ltr'><strong><em>exparte</em></strong></span> <span class='ocrx_word' id='word_1_596' title='bbox 1117 5503 1167 5559; x_wconf 81' lang='lat' dir='ltr'><strong><em>atis</em></strong></span> <span class='ocrx_word' id='word_1_597' title='bbox 1181 5503 1289 5573; x_wconf 84' lang='lat' dir='ltr'><strong><em>cecidit,</em></strong></span> <span class='ocrx_word' id='word_1_598' title='bbox 1313 5505 1377 5562; x_wconf 89' lang='lat' dir='ltr'><strong><em>dum</em></strong></span> <span class='ocrx_word' id='word_1_599' title='bbox 1398 5507 1502 5564; x_wconf 85' lang='lat' dir='ltr'><strong><em>orbitrii</em></strong></span> <span class='ocrx_word' id='word_1_600' title='bbox 1525 5508 1679 5566; x_wconf 69' lang='lat' dir='ltr'><strong><em>libertatem</em></strong></span> <span class='ocrx_word' id='word_1_601' title='bbox 1701 5510 1769 5567; x_wconf 86' lang='lat' dir='ltr'><strong><em>inte·</em></strong></span> 
     </span>
    </p>
   </div>
   <div class='ocr_carea' id='block_1_11' title="bbox 137 5585 1769 5762">
    <p class='ocr_par' dir='ltr' id='par_1_12' title="bbox 137 5585 1769 5762">
     <span class='ocr_line' id='line_1_52' title="bbox 137 5585 1769 5670; baseline 0.008 -28"><span class='ocrx_word' id='word_1_602' title='bbox 137 5588 312 5645; x_wconf 81' lang='lat' dir='ltr'><strong><em>credidimus.</em></strong></span> <span class='ocrx_word' id='word_1_603' title='bbox 326 5588 380 5646; x_wconf 84' lang='lat' dir='ltr'><strong><em>Pro</em></strong></span> <span class='ocrx_word' id='word_1_604' title='bbox 394 5602 427 5644; x_wconf 87' lang='lat' dir='ltr'><strong><em>ea</em></strong></span> <span class='ocrx_word' id='word_1_605' title='bbox 440 5586 511 5659; x_wconf 77' lang='lat' dir='ltr'><strong><em>quod</em></strong></span> <span class='ocrx_word' id='word_1_606' title='bbox 523 5586 593 5642; x_wconf 84' lang='lat' dir='ltr'><strong><em>inter</em></strong></span> <span class='ocrx_word' id='word_1_607' title='bbox 607 5585 724 5656; x_wconf 78' lang='lat' dir='ltr'><strong><em>reliquus</em></strong></span> <span class='ocrx_word' id='word_1_608' title='bbox 739 5588 870 5659; x_wconf 71' lang='lat' dir='ltr'><strong><em>dogmatis</em></strong></span> <span class='ocrx_word' id='word_1_609' title='bbox 883 5591 923 5647; x_wconf 84' lang='lat' dir='ltr'><strong><em>sui</em></strong></span> <span class='ocrx_word' id='word_1_610' title='bbox 976 5607 1051 5664; x_wconf 72' lang='lat' dir='ltr'><strong><em>ptum</em></strong></span> <span class='ocrx_word' id='word_1_611' title='bbox 1066 5594 1192 5663; x_wconf 81' lang='lat' dir='ltr'><strong><em>praedicnt</em></strong></span> <span class='ocrx_word' id='word_1_612' title='bbox 1205 5603 1232 5650; x_wconf 87' lang='lat' dir='ltr'><strong><em>et</em></strong></span> <span class='ocrx_word' id='word_1_613' title='bbox 1246 5595 1369 5662; x_wconf 75' lang='lat' dir='ltr'><strong><em>illusum,</em></strong></span> <span class='ocrx_word' id='word_1_614' title='bbox 1394 5598 1463 5654; x_wconf 87' lang='lat' dir='ltr'><strong><em>sieut</em></strong></span> <span class='ocrx_word' id='word_1_615' title='bbox 1476 5598 1515 5654; x_wconf 90' lang='lat' dir='ltr'><strong><em>iiii</em></strong></span> <span class='ocrx_word' id='word_1_616' title='bbox 1530 5599 1576 5670; x_wconf 83' lang='lat' dir='ltr'><strong><em>qui</em></strong></span> <span class='ocrx_word' id='word_1_617' title='bbox 1589 5589 1651 5654; x_wconf 66' lang='lat' dir='ltr'><strong><em>es‘m</em></strong></span> <span class='ocrx_word' id='word_1_618' title='bbox 1661 5614 1697 5655; x_wconf 80' lang='lat' dir='ltr'><strong><em>es</em></strong></span> <span class='ocrx_word' id='word_1_619' title='bbox 1711 5606 1769 5654; x_wconf 86' lang='lat' dir='ltr'><strong><em>uoto</em></strong></span> 
     </span>
     <span class='ocr_line' id='line_1_53' title="bbox 138 5675 1768 5762; baseline 0.006 -26"><span class='ocrx_word' id='word_1_620' title='bbox 138 5676 361 5747; x_wconf 69' lang='lat' dir='ltr'><strong><em>imminutiones,</em></strong></span> <span class='ocrx_word' id='word_1_621' title='bbox 381 5679 462 5735; x_wconf 82' lang='lat' dir='ltr'><strong><em>etism</em></strong></span> <span class='ocrx_word' id='word_1_622' title='bbox 479 5677 596 5736; x_wconf 81' lang='lat' dir='ltr'><strong><em>laborem</em></strong></span> <span class='ocrx_word' id='word_1_623' title='bbox 610 5675 727 5734; x_wconf 84' lang='lat' dir='ltr'><strong><em>hominis</em></strong></span> <span class='ocrx_word' id='word_1_624' title='bbox 740 5680 830 5736; x_wconf 84' lang='lat' dir='ltr'><strong><em>tulere</em></strong></span> <span class='ocrx_word' id='word_1_625' title='bbox 846 5693 923 5752; x_wconf 87' lang='lat' dir='ltr'><strong><em>posse</em></strong></span> <span class='ocrx_word' id='word_1_626' title='bbox 977 5691 1102 5739; x_wconf 83' lang='lat' dir='ltr'><strong><em>asserunt</em></strong></span> <span class='ocrx_word' id='word_1_627' title='bbox 1117 5684 1199 5741; x_wconf 77' lang='lat' dir='ltr'><strong><em>tuisse</em></strong></span> <span class='ocrx_word' id='word_1_628' title='bbox 1211 5694 1379 5745; x_wconf 82' lang='lat' dir='ltr'><strong><em>emcuotsm.</em></strong></span> <span class='ocrx_word' id='word_1_629' title='bbox 1401 5687 1458 5746; x_wconf 83' lang='lat' dir='ltr'><strong><em>ileo</em></strong></span> <span class='ocrx_word' id='word_1_630' title='bbox 1472 5689 1570 5759; x_wconf 79' lang='lat' dir='ltr'><strong><em>imque</em></strong></span> <span class='ocrx_word' id='word_1_631' title='bbox 1588 5687 1652 5746; x_wconf 80' lang='lat' dir='ltr'><strong><em>loco</em></strong></span> <span class='ocrx_word' id='word_1_632' title='bbox 1667 5688 1768 5762; x_wconf 69' lang='lat' dir='ltr'><strong><em>pomini</em></strong></span> 
     </span>
    </p>
   </div>
   <div class='ocr_carea' id='block_1_12' title="bbox 0 0 1916 6116">
    <p class='ocr_par' dir='ltr' id='par_1_13' title="bbox 0 0 1916 6116">
     <span class='ocr_line' id='line_1_54' title="bbox 0 0 1916 6116; baseline 0 0"><span class='ocrx_word' id='word_1_633' title='bbox 0 0 1916 6116; x_wconf 95' lang='lat' dir='ltr'><strong><em> </em></strong></span> 
     </span>
    </p>
   </div>
  </div>
 </body>
</html>
