3788 6120
122 276 172 331 att

772 267 926 323 victoriis
947 266 1099 325 lutense

1702 265 1758 321 ata

123 394 248 440 unortem.
262 383 303 439 Ad
318 384 375 437 onec
395 380 475 436 rerba
490 379 585 450 repleti
598 378 722 451 iacrymis
738 378 807 435 nibil
822 377 912 434 nlicere
927 387 950 442 Α
964 383 1088 438 manibus
1101 391 1249 452 gestantes,
1264 398 1380 453 suosque
1394 383 1539 439 iulanntuias
1550 382 1671 452 vestigiis
1682 398 1757 437 rnnar·

117 477 263 538 uaiuinnos,
279 473 330 527 uisi
344 480 372 527 ut
386 472 508 527 rolnrntas
520 469 570 525 Dei
584 469 673 526 tieret.

159 564 192 620 li.
212 561 326 617 Carceris
345 562 514 615 incorumeda.
532 589 568 601 -
585 559 640 616 Sed
665 560 710 614 nint
732 560 912 626 adversarius,

122 659 167 726 qui
179 658 234 727 jann
249 656 318 712 iortc
331 655 437 711 dicebat
456 672 462 709 :
482 653 603 708 Portitor
619 652 719 722 apulia,
741 652 843 722 replebo
857 654 915 706 nui·

123 765 190 805 mum
204 762 306 811 nucum,
325 745 476 811 interficiam
489 744 576 813 plodio
593 760 657 810 unco,
671 743 843 797 dominabitur
862 759 915 796 rua-

123 857 171 897 utts
190 856 246 895 men
259 837 361 911 (Esou.
380 853 425 902 xv,
441 837 481 907 9),
501 836 603 890 trullum
617 837 704 905 potnit
717 833 764 906 [ni.
781 832 916 906 aucupari]

124 945 270 1001 occupare;
290 927 401 997 inquirit
414 937 526 996 augusta
542 934 569 981 et
580 926 714 981 tenerniunn
728 925 797 986 ioca,
808 925 836 980 in
850 941 917 992 ‹quo-

125 1037 185 1079 rnro
207 1019 377 1077 conclavibus
391 1019 437 1074 liei
454 1019 600 1074 exercitum
615 1028 772 1072 coarntaret.
789 1017 918 1073 iunceis

126 1118 205 1172 oniam
219 1115 378 1175 visitationis
393 1115 517 1167 bumana
526 1121 619 1180 ramata
634 1123 676 1166 est
694 1113 746 1183 18
759 1112 916 1167 connsoiatio.

127 1205 444 1265 Pnuiunturetcuatmles
456 1204 579 1269 instruas,
589 1212 617 1257 et
626 1204 742 1273 grauiter
751 1202 917 1271 albignnnnura

124 1301 263 1371 jactantur
279 1293 558 1351 conternantem
571 1308 651 1362 snper
664 1294 787 1356 inuicem,
798 1306 822 1344 an
833 1291 919 1360 gnatia

127 1399 290 1451 coarctante,
303 1400 372 1444 onnus
386 1400 467 1455 super
480 1384 572 1447 alinum,
584 1396 612 1437 ut
624 1385 729 1453 agmina
746 1384 919 1447 locustarum,

126 1489 166 1547 et,
178 1487 207 1533 ut
220 1478 328 1550 proprie
342 1477 492 1541 dicatur,ut
503 1489 586 1546 grana
598 1475 789 1545 pretiosissima
802 1474 921 1529 [rumen-

128 1581 226 1631 toruru.
251 1572 344 1640 inqua
366 1569 572 1649 monstipatioue,
593 1568 735 1624 secedendi
752 1568 784 1622 ad
801 1567 921 1623 naturaie

128 1664 246 1721 oiiiciunn
271 1663 342 1719 uuila
367 1662 435 1714 ratio
459 1661 577 1725 sinebam
599 1660 675 1715 lscnl
691 1660 779 1715 locum
794 1659 921 1714 stercoris

967 485 1055 546 tyrum
1069 476 1250 544 proficientes.
1265 477 1315 530 ista
1329 490 1394 531 tuce
1407 474 1560 530 clamabant
1573 474 1693 541 :Quibus
1706 487 1758 527 ntea

967 569 1078 623 miseros
1100 567 1269 638 relinquitis,
1294 568 1357 620 dnm
1373 568 1482 635 pergitis
1504 565 1536 620 anl
1555 564 1689 621 coronati
1709 566 1756 631 qui

967 660 1017 714 irus
1030 658 1186 725 baptizaturi
1197 667 1258 712 sunt
1268 658 1392 727 parrulos
1401 659 1517 711 lurnniinns
1527 672 1602 726 aquae
1613 654 1759 726 perennniai

967 751 1012 820 qui
1028 749 1103 805 nobis
1117 750 1280 818 paenitentiae
1303 747 1358 819 [ni.
1380 747 1496 819 ronanus]
1519 761 1614 801 rnntrnus
1635 745 1759 802 collatori

968 850 1041 907 suut,
1057 850 1085 895 et
1106 840 1330 895 reconciliationis
1343 839 1521 906 induigentia,
1537 838 1683 891 obstrictos
1698 849 1760 904 grec·

968 941 1088 986 catorum
1112 931 1243 994 tincnlis,
1266 929 1397 983 soluturii
1415 930 1477 996 quia
1492 928 1568 982 annuis
1582 926 1684 981 dictum
1697 934 1759 981 cst:

971 1025 1135 1089 Quocunque
1147 1021 1360 1086 subterminatum
1378 1030 1489 1080 terrum,
1504 1027 1577 1073 eruin
1591 1022 1675 1073 seluta
1697 1026 1722 1072 et
1733 1018 1761 1072 itt

970 1114 1037 1167 coeiis
1051 1112 1167 1184 (linitis.
1182 1128 1255 1176 xrtnn,
1272 1114 1304 1166 itt
1317 1113 1335 1178 l.
1353 1112 1402 1177 Qui
1418 1126 1467 1165 nos
1480 1111 1647 1165 solennriinos
1660 1110 1760 1165 nuntie·

972 1204 1049 1258 uibus
1063 1204 1191 1272 sepulturi
1214 1213 1277 1256 sunt
1292 1202 1456 1257 morientesi
1475 1208 1521 1254 aut
1533 1216 1548 1253 a
1560 1200 1659 1270 quibus
1675 1200 1760 1253 divini

970 1294 1093 1349 sacriticii
1110 1293 1176 1371 ritus¹
1197 1293 1365 1347 exinibeunins
1382 1303 1422 1347 est
1441 1290 1601 1346 consuetus?
1621 1290 1762 1345 rnniniseom

971 1400 998 1441 et
1011 1402 1058 1441 uos
1072 1387 1152 1440 inbeat
1163 1400 1291 1456 pergere,
1307 1385 1329 1438 si
1342 1385 1442 1451 liceret,
1459 1394 1487 1438 nt
1500 1383 1547 1438 tali
1562 1382 1641 1437 innodo
1661 1384 1732 1437 lilios
1746 1398 1761 1435 a

972 1479 1092 1549 patribus
1117 1478 1190 1532 oniba
1214 1477 1361 1535 nenessitas
1383 1486 1532 1546 separaret.
1547 1476 1575 1530 ln
1596 1475 1763 1529 otnnontbus

974 1580 985 1611 ι
1003 1571 1043 1624 rei
1058 1568 1204 1638 incognitis,
1227 1576 1255 1622 et
1268 1566 1390 1622 laudiinus
1411 1566 1500 1621 nullus
1516 1567 1570 1633 jaro
1587 1580 1701 1634 pergere
1715 1564 1762 1617 ani·

974 1661 1072 1714 ruissus
1090 1669 1133 1714 est
1152 1658 1319 1721 consulatum
1339 1657 1387 1711 sed
1403 1658 1558 1712 arctabatur
1572 1655 1715 1711 multitudo
1727 1656 1762 1709 ati

129 1766 156 1811 et
171 1756 255 1813 urinae
277 1761 389 1823 urgente
415 1753 583 1813 necessitate,
608 1751 706 1806 ibidem
731 1751 873 1815 iaciebant,
889 1762 916 1805 ut
931 1747 955 1808 B
968 1755 1148 1812 currentium,
1170 1762 1198 1803 ut
1218 1744 1289 1803 ubid
1309 1762 1427 1802 cannara
1451 1757 1509 1801 erat
1533 1755 1702 1816 praeparata,
1725 1746 1763 1799 la·

129 1845 176 1903 iile
189 1855 252 1901 tuuc
264 1844 334 1905 ieter
355 1853 382 1897 et
403 1844 497 1898 lnorror
511 1843 634 1896 uuincrsa
658 1855 798 1910 qnoeuurom
820 1855 917 1910 genera

130 1946 269 2006 sinceraret
289 1953 296 1990 ι
318 1935 352 1990 ad
366 1951 434 2004 «priua
448 1934 590 2004 aliquando
613 1935 675 1989 dato
690 1934 789 2003 ingenti
807 1950 919 1989 untrnrere

132 2028 250 2086 liarnris.
269 2026 465 2083 durunieutibus
482 2025 626 2090 inundatis,
649 2030 694 2078 nis
717 2026 786 2103 elam
810 2022 918 2077 adnnnissi

128 2133 223 2175 annuus
237 2117 346 2172 intrare.
358 2115 408 2183 Qui
420 2118 596 2181 introeuntes,
608 2114 688 2168 ueluti
703 2118 728 2167 iu
741 2114 844 2183 gurgite
860 2112 917 2178 loti,

133 2227 217 2280 osque
240 2211 273 2265 ad
294 2225 380 2280 gernon
396 2210 529 2277 erupimus
553 2206 650 2275 nn.er·gi;
672 2206 735 2260 illuni
751 2218 812 2260 tuuc
828 2204 919 2259 iliere·

132 2302 193 2356 tuine
210 2302 329 2357 uidentes
345 2302 425 2355 i'oisse
439 2301 601 2367 etnnnplctunn
622 2317 629 2352 :
649 2299 700 2365 Qut
715 2296 802 2351 rnutniti
816 2305 874 2348 annul
891 2295 919 2348 iu

131 2392 247 2457 crucem,
270 2391 412 2461 amplexati
421 2400 479 2444 aaut
492 2399 603 2443 stercora
620 2405 666 2442 sua
681 2385 796 2458 (Tinreu.
817 2401 853 2451 tr,
867 2384 919 2453 5).

132 2481 200 2550 Quini
215 2480 317 2536 muital
336 2478 463 2552 praecepti
483 2491 547 2532 sunt
563 2477 679 2545 undique
692 2474 920 2545 perstrepentibus

131 2575 240 2636 ilarnris,
255 2572 288 2626 ati
304 2572 355 2626 iter
370 2570 413 2625 obi
427 2570 551 2625 destinanti
567 2569 669 2623 inerant
685 2566 841 2636 praeparari.

168 2665 214 2721 xl.
233 2662 338 2718 itt'ttert's
347 2660 698 2716 trenurardo—Enemase
710 2660 799 2729 itaque
810 2657 854 2712 tile
870 2655 920 2713 tlo-

134 2758 250 2822 uniuico,
277 2758 351 2810 linita
368 2756 496 2809 babentes
511 2752 676 2808 stercoribus
689 2751 866 2816 ncsntnuenta,
883 2748 922 2802 ia·

133 2851 189 2906 ries
207 2849 286 2903 simol
308 2859 335 2902 et
356 2847 464 2914 capita,
488 2858 503 2896 a
525 2844 623 2898 littoris
658 2852 745 2896 tannen
777 2839 921 2895 crudeliter

137 2941 317 3001 tribuebantur,
335 2939 462 3009 bynuouu
478 2952 538 2989 cnnn
554 2934 732 2990 etsnnltanionc
749 2932 862 2988 [lumino
874 2930 921 2987 de-

135 3039 274 3087 cantantes
287 3028 418 3083 :linerent
430 3027 512 3095 qlorin
530 3025 646 3080 cornibus
661 3024 755 3078 torretis
768 3024 823 3093 ejus
833 3020 920 3092 (rut.

970 1841 1103 1897 boriosam
1122 1849 1231 1909 caperet
1254 1840 1432 1894 nrnansioucm.
1447 1839 1498 1905 tini
1511 1855 1572 1894 curn
1594 1854 1676 1894 sennes
1697 1837 1762 1895 deli·

969 1941 1077 1996 carent,
1090 1942 1117 1986 et
1130 1931 1176 1985 alii
1198 1931 1282 1996 iorte,
1303 1931 1490 1998 ctsijureues,
1504 1929 1611 1984 delicati
1632 1943 1760 1997 corporo,

969 2033 1108 2092 caeperunt
1131 2022 1264 2077 hastilium
1288 2021 1444 2089 cuspidibus
1473 2020 1506 2074 ad
1530 2019 1714 2084 enarrandum,
1734 2028 1763 2073 et

971 2117 1103 2186 lapidibus
1127 2115 1202 2170 tundi
1224 2131 1231 2174 ;
1252 2115 1323 2169 uude
1349 2114 1434 2183 magis
1447 2112 1620 2181 delicieutes,
1645 2111 1762 2181 amplius

970 2209 1148 2265 lassabantur.
1753 2261 1757 2268 ,

1006 2300 1062 2355 xl.
1084 2299 1189 2353 snnninin
1202 2298 1228 2350 ιἰι
1244 2295 1512 2369 coruscaturum-Post
1524 2311 1588 2350 vcro
1600 2297 1761 2362 imperatum

970 2394 1164 2448 estblaursut
1178 2391 1283 2458 eosqui
1299 2388 1437 2443 ambulare
1453 2404 1505 2442 nnou
1522 2395 1657 2455 poterant,
1675 2385 1763 2454 ligatis

972 2486 1096 2554 pedibus,
1112 2483 1185 2537 volut
1199 2481 1327 2535 cadavera
1338 2479 1495 2534 animalium
1511 2488 1689 2542 mortuorum,
1707 2488 1762 2530 tra-

973 2577 1069 2630 inenent
1084 2574 1212 2642 perdura
1235 2581 1261 2627 et
1276 2586 1369 2639 aspera
1385 2571 1501 2639 lapidum
1524 2571 1602 2633 ioca,
1619 2568 1663 2622 nbi
1678 2569 1762 2637 prino

972 2669 1154 2727 vestimenta,
1180 2677 1272 2732 gresten
1299 2664 1417 2719 rnnernnbra
1444 2661 1547 2732 singula
1569 2663 1760 2730 carpebantur.

972 2758 1074 2824 Quibus
1088 2771 1135 2824 per
1149 2755 1253 2825 gladios
1274 2763 1367 2809 acutos
1382 2761 1518 2821 petrarum
1532 2750 1579 2822 [ni.
1597 2750 1675 2804 bic...
1688 2747 1761 2820 aiibi]

972 2850 1034 2904 huie
1057 2856 1136 2917 eaput
1155 2847 1352 2909 conterebatur,
1367 2845 1411 2898 alii
1434 2845 1516 2898 latera
1541 2844 1724 2906 lirntiebautur,
1737 2852 1763 2897 et

972 2941 1007 2995 ita
1035 2941 1105 2993 inter
1132 2937 1293 2992 nralncntimn
1319 2950 1413 2988 manus
1439 2934 1562 3002 spiritum
1589 2933 1762 2989 critaiabaut.

972 3035 1090 3099 tinorum
1113 3045 1252 3085 nunnnarnm
1273 3043 1440 3097 nequaquam
1462 3027 1595 3083 valuimus
1618 3026 1761 3095 colligere,

135 3135 227 3181 enata,
242 3118 281 3188 9).
298 3118 397 3173 Aderat
411 3119 482 3171 cuitu
494 3116 529 3169 ibi
549 3124 613 3170 tuuc
626 3117 718 3169 locatus
733 3114 850 3181 pontifex
866 3109 957 3182 ily-C
974 3125 1143 3179 ,nuptumque
1160 3137 1320 3188 mmmm
1341 3123 1474 3176 exurimur
1496 3131 1585 3174 narnien
1607 3135 1655 3188 par
1677 3127 1763 3172 ιοιιιιιι

129 3208 274 3278 ¹priaonsb
293 3207 486 3264 Uniziinirensis
506 3205 664 3274 episcopus,
680 3205 832 3257 cnnusolatur
845 3217 921 3271 egre·

136 3301 213 3370 girus,
237 3300 282 3368 qui
304 3299 421 3367 singulos
434 3301 478 3366 pio
491 3307 515 3351 et
543 3306 653 3364 paterno
677 3296 785 3350 innuebat
805 3296 919 3362 abactas,

136 3408 190 3449 uon
202 3392 261 3447 sine
274 3391 427 3446 fluminibus
441 3390 604 3444 currentium
617 3388 923 3459 iacrynnarnunzparatus

138 3497 186 3553 pro
209 3480 333 3537 iratribus
356 3481 471 3536 aniunarn
496 3495 610 3548 ponere,
631 3489 658 3533 et
672 3492 701 3532 sc
716 3480 884 3543 ultroneum,
900 3477 923 3533 si

137 3575 335 3638 dirnnitteretur,
357 3574 454 3627 talibus
479 3572 645 3641 passionibus
666 3571 746 3636 dare;
772 3571 817 3639 qui
840 3580 922 3626 totum

137 3668 199 3736 qnid
210 3666 311 3730 inalnuit,
321 3665 459 3735 egentibus
470 3664 594 3718 iratribus
606 3663 631 3716 iu
641 3661 685 3716 illa
693 3672 756 3716 tunnc
764 3663 923 3717 necessitate

138 3759 264 3828 eaneudit
272 3775 279 3811 ι
288 3757 423 3824 «renatabat
437 3758 507 3808 enirn
518 3756 684 3810 occansionem
696 3753 810 3823 qualiter
819 3751 923 3807 conules·

138 3851 244 3906 soribos
265 3849 423 3909 sociaretur,
440 3847 496 3912 ipse
516 3848 607 3899 auium
620 3853 648 3899 et
663 3846 760 3899 uirtute
773 3844 922 3899 confessor.

138 3941 188 4009 Qui
206 3947 298 4008 postea
315 3954 362 4008 per
376 3936 474 3991 nunitos
489 3951 588 4003 agones
601 3945 629 3990 et
643 3937 781 4005 squalores
795 3938 923 3998 carceris,

138 4033 172 4087 ad
186 4031 308 4088 exsilium
322 4028 392 4099 quoti
405 4028 584 4092 desirlerabat,
595 4042 656 4082 cnm
670 4027 850 4081 exsultatione
865 4041 925 4094 per·

138 4122 379 4188 tantecaudum
394 4132 458 4175 tuuc
471 4120 653 4174 multitudines
666 4119 700 4172 de
711 4118 824 4173 dirersis
839 4117 925 4187 rugio·

140 4217 230 4280 nibus,
244 4226 272 4270 et
292 4212 453 4272 ciuitatium,
469 4210 502 4263 :nd
522 4208 648 4262 visendus
671 4206 717 4261 Dei
733 4219 865 4276 martyres
879 4222 925 4263 oe·

139 4304 271 4360 currerint
285 4302 460 4371 populorum,
478 4307 609 4352 testantur
623 4295 673 4350 nine
686 4296 728 4351 vel
740 4296 925 4368 comiterque

140 4409 200 4449 cunin
222 4394 326 4461 agnniua
339 4389 501 4445 venientium
524 4403 689 4457 numnquam
710 4397 855 4456 caperent,
878 4405 926 4458 per

978 3218 1029 3288 19
1043 3229 1165 3279 aggerent
1177 3214 1311 3282 pulniicntn
1324 3214 1383 3267 silis
1395 3216 1529 3282 sepultura
1540 3220 1708 3271 sauctorum,
1723 3209 1765 3262 io-

972 3309 1115 3378 queutlbus
1129 3306 1246 3359 ttrnnulis
1264 3304 1368 3373 Reliqui
1386 3304 1530 3357 inabilnores
1552 3301 1585 3354 ad
1609 3297 1763 3354 suinttttl'ttais

973 3400 1029 3455 loca
1045 3399 1212 3468 perueniunt,
1223 3398 1250 3451 iu
1265 3398 1360 3466 quibus
1374 3394 1467 3469 [calb.
1486 3397 1511 3462 l,
1529 3391 1667 3464 colligati]
1679 3391 1765 3448 coilo·

972 3492 1043 3553 cati,
1060 3488 1187 3542 lnordenun
1203 3491 1235 3541 anl
1250 3487 1412 3542 uescendum
1435 3498 1461 3538 ot
1472 3485 1594 3554 jumenta
1616 3483 1763 3551 accipiunt.

974 3580 1024 3637 Ubi
1037 3581 1116 3636 etiam
1128 3589 1320 3634 verneuatornun
1331 3579 1485 3633 animalium
1496 3586 1576 3644 atque
1591 3576 1763 3646 scorpionum

977 3683 1048 3726 tauta
1064 3687 1123 3727 csse
1136 3671 1233 3725 dicitnr
1244 3671 1404 3729 multitudo.
1421 3681 1449 3723 ut
1471 3668 1655 3738 ignorantibus
1675 3666 1766 3721 iucre-

974 3763 1062 3818 dilnilis
1075 3764 1215 3830 videatur,
1231 3777 1290 3829 qua·
1304 3762 1361 3814 solo
1374 3759 1436 3815 iiatu
1457 3760 1537 3814 etiarn
1563 3759 1653 3826 anocui
1669 3758 1767 3828 punitis

973 3853 1069 3908 reticui
1085 3853 1157 3907 uirnns
1168 3852 1291 3906 infundit.
1302 3851 1342 3906 Ab
1352 3853 1493 3920 scorpium
1507 3850 1578 3905 etnim
1593 3863 1765 3917 percussum,

975 3945 1075 4000 nullutn
1098 3946 1189 3998 nlieunt
1212 3945 1354 4013 aliqnando
1377 3947 1504 3999 euasisse.
1527 3945 1646 4012 Quorum
1671 3943 1767 3999 feritas

975 4034 1107 4087 virulenta
1131 4050 1215 4099 usque
1230 4035 1261 4088 ati
1277 4051 1396 4105 prnseos
1412 4046 1526 4105 tempus,
1540 4035 1647 4090 Christo
1667 4033 1766 4090 deien-

975 4125 1066 4185 deune,
1088 4124 1188 4178 nullum
1204 4140 1340 4179 serrorum
1353 4141 1413 4192 enos
1434 4127 1557 4183 nocuisse
1571 4125 1694 4181 docetur.
1710 4125 1766 4182 Sao

975 4228 1036 4268 curn
1053 4214 1106 4268 illic
1127 4214 1235 4268 alurntnr
1249 4215 1405 4271 irortleoeeis
1424 4217 1536 4286 gratiis,
1551 4224 1645 4285 postea
1662 4224 1693 4269 ei
1715 4216 1769 4271 buc

975 4303 1094 4357 ablatum
1107 4315 1147 4357 est
1165 4322 1172 4357 ε
1193 4305 1267 4374 quasi
1284 4322 1337 4358 utun
1352 4313 1443 4375 posset
1456 4306 1527 4361 licus
1537 4308 1582 4376 qui
1598 4306 1705 4374 pluerat
1717 4320 1769 4375 pt·

977 4394 1061 4448 tribus
1083 4411 1192 4479 unauna,
1208 4406 1220 4432 0
1241 4412 1350 4465 pascere
1361 4408 1389 4454 et
1403 4411 1476 4453 trono
1490 4398 1535 4452 taii
1551 4396 1650 4452 exsilio
1662 4397 1770 4459 uranei·

141 4484 256 4537 venires
279 4484 408 4536 rnnonntium
431 4490 458 4535 ct
477 4493 595 4533 concava
612 4480 717 4534 uallium
733 4491 923 4537 concurrentes
936 4467 964 4528 l)
976 4493 1061 4554 patos.

141 4572 225 4627 turbae
248 4570 364 4624 bdelium
378 4571 578 4655 innominabiles
591 4570 806 4637 desccrulebaut,
830 4586 923 4627 cereos

178 4813 294 4868 wintro.
310 4826 371 4865 tum
384 4809 485 4891 aliquot
499 4815 578 4870 editis
592 4827 619 4869 et
633 4832 698 4871 mss.
714 4818 780 4872 ratio
793 4833 843 4872 nnau
858 4820 923 4875 sinna·

142 4886 182 4941 but
193 4883 259 4950 ioti,·
272 4884 316 4937 aad
326 4893 454 4946 stercoris,
466 4891 517 4936 etc.
533 4883 610 4938 Collo.
621 4884 648 4948 Ξ,
664 4887 784 4941 iibenau.
796 4898 824 4943 et
839 4888 924 4955 italo,

142 4956 216 5021 Loci,
226 4953 270 5008 ned
280 4961 391 5006 simeone
400 4958 423 5002 et
435 4954 547 5005 amnem.
564 4953 596 5007 lit
610 4955 687 5021 inira,
699 4958 787 5011 dmntes
802 4960 923 5027 iuqeutiu,

143 5038 196 5081 etc.
220 5020 309 5078 cinito.
321 5029 353 5073 ,et
378 5019 434 5082 alii,
457 5021 519 5075 dato
533 5024 629 5094 iuqmnti
642 5040 755 5080 munnere.
772 5015 925 5094 Luriclnios,

144 5093 230 5152 dando
244 5090 542 5161 inpraesentarium.
611 5114 614 5120 ·
892 5108 897 5114 ·

178 5163 193 5205 b
210 5163 316 5234 aliquot
330 5173 407 5222 orsa,
425 5161 639 5217 brintanorum.
654 5163 924 5228 terruiuslinum.

145 5234 260 5293 liuentia.
274 5234 356 5286 Porro
371 5229 514 5299 Cpprimrua
531 5232 574 5286 irie
586 5243 758 5298 tncnnoratus,
777 5235 849 5291 idem
867 5237 925 5307 ipse

145 5319 186 5364 est
202 5305 286 5377 quiin
300 5298 397 5356 Notitiu
413 5298 537 5355 atnncaua
550 5301 620 5354 inter
631 5302 775 5372 Byzacena
784 5306 925 5376 episcopos

146 5384 308 5434 recensetur.
321 5371 420 5437 beqoa
435 5370 568 5424 urbevide
583 5381 659 5424 unctas
673 5373 698 5424 in
716 5374 864 5440 ltpaaceuas
879 5392 924 5431 nr.

145 5447 194 5503 bes
215 5462 244 5502 n.
255 5444 301 5499 il.
325 5441 399 5511 ejus,
413 5440 482 5495 siem
494 5448 522 5494 et
542 5441 656 5497 aliorum
670 5457 750 5509 supra
766 5458 927 5499 memorato.

146 5516 326 5640 rouubiestmn
349 5510 473 5567 recolunt
492 5509 598 5579 volgata
624 5512 813 5582 martyrologia
827 5514 871 5569 die
893 5514 926 5569 ιι

145 5591 211 5643 tleto
229 5584 277 5638 ris.

183 5656 271 5709 eline
294 5650 347 5707 duo
374 5651 452 5706 rerba
479 5649 518 5704 rei
540 5648 658 5718 lucrymis
673 5646 771 5704 desunt
786 5652 813 5706 iu
837 5649 926 5720 iiaru,

1013 4576 1080 4633 xiil.
1101 4579 1175 4650 iieqis
1199 4579 1309 4633 edictum
1332 4578 1485 4648 -cogitat
1506 4580 1610 4635 acriora
1636 4579 1771 4636 aduersos

976 4824 1084 4946 ίΙῐιὶιίιιι.
1101 4826 1250 4881 etOrtlnod.
1265 4826 1293 4881 lu
1311 4827 1372 4880 aliis
1390 4845 1454 4884 arro
1469 4833 1518 4885 ista
1538 4831 1647 4898 dmnrnt,
1672 4843 1697 4887 el
1709 4834 1772 4889 iea-

994 4910 1003 4946 ι
1022 4911 1061 4947 ιιι.

1012 4960 1025 5044 {¹
1042 4963 1131 5018 Cinilll.
1146 4967 1270 5019 cnunnnbn.
1285 4966 1374 5032 llari,
1396 4969 1473 5024 (ibib.
1496 4973 1522 5034 i,
1537 4969 1600 5025 Ful.
1614 4980 1643 5027 ei
1660 4971 1771 5041 Geram,

977 5033 1020 5084 ruint
1038 5044 1098 5086 taur
1113 5035 1180 5087 tauris
1191 5045 1256 5095 erni,
1271 5046 1321 5089 etc.
1339 5037 1415 5090 0rtlt.
1431 5050 1458 5092 et
1474 5038 1628 5107 Ltnrielnius,
1641 5042 1693 5097 ilbi
1708 5053 1771 5099 tutte

978 5101 1077 5155 iinmis
1097 5112 1151 5155 eret
1165 5120 1308 5173 properum
1323 5107 1476 5163 iniuriosum
1491 5127 1640 5180 cuperemus
1653 5116 1772 5169 manme-

977 5188 1044 5224 rum.
1057 5172 1191 5226 Caeterum
1205 5177 1259 5229 lnaee
1277 5192 1328 5229 non
1342 5194 1467 5241 aunrrnuo,
1478 5183 1547 5249 apud
1565 5183 1665 5238 mama
1680 5184 1773 5240 amaia

977 5257 1018 5294 ann
1029 5250 1100 5296 tores
1123 5244 1246 5310 designat
1265 5246 1358 5299 unllam
1381 5248 1520 5312 vitrarium,
1536 5260 1583 5306 aot
1597 5253 1716 5309 §inutilem
1729 5253 1773 5311 lo·

977 5328 1037 5365 ennnu
1049 5315 1260 5375 sutnnerrannnnnu,
1274 5315 1327 5385 76
1336 5332 1416 5383 quem
1427 5317 1529 5375 Gallice
1541 5323 1711 5387 appellamus
1720 5341 1774 5379 aaa

977 5397 1045 5443 cute,
1060 5384 1130 5449 qnnud
1148 5382 1208 5436 inune
1220 5383 1279 5438 loeo
1291 5388 1391 5452 optime
1410 5393 1543 5458 eorrgrnit.
1562 5390 1632 5448 lide
1647 5391 1773 5451 Glossar.

1053 5451 1058 5460 a

979 5448 1151 5517 Caugtnmnm.

1016 5529 1028 5557 ι
1044 5520 1095 5574 Pro
1109 5532 1133 5576 ct
1147 5540 1213 5575 ruane
1236 5524 1375 5579 tortoldus
1388 5525 1468 5581 habet
1483 5531 1566 5583 etium.
1582 5531 1662 5587 Colis.
1681 5533 1706 5598 l,
1726 5551 1777 5605 pa·

981 5601 1098 5669 recreet
1113 5608 1188 5672 'inante
1207 5594 1334 5673 [emiliam
1354 5612 1437 5653 suom.
1459 5597 1509 5653 iiis
1524 5600 1663 5671 ipinnanntn'
1681 5606 1779 5661 restite

981 5672 1142 5732 nunurnpalts,
1156 5673 1262 5730 repunt,
1273 5674 1326 5720 ete.
