3788 6120
691 251 846 312 sttttbtctt
857 251 967 339 'PAPAE-
981 249 1144 307 setstobt
1166 246 1259 304 xlttt.
1760 240 1815 337 ⁸⁰2
1871 304 1876 309 ,

408 364 597 456 ,·ΕΡιετοιι
611 365 704 422 xttn.
783 429 787 437 ,

410 493 532 534 stttettctt
545 495 579 532 llll
592 493 709 533 stinulitt.

169 590 262 646 Mirari
276 608 303 646 se
316 593 352 646 all
366 590 486 644 densium
502 591 533 642 de
548 587 726 643 Alexandrinae
745 585 864 639 Ecclesia
877 602 955 640 eece·

204 663 314 716 tionibus
333 676 490 730 nequaquem
502 676 528 712 se
543 660 683 722 attenuisse,·
698 657 816 710 bortatur
830 666 915 711 eutem
929 663 956 707 ut

173 736 176 746 “
203 731 353 800 imperatori
370 731 479 784 insinuet
506 736 533 781 ut
555 728 635 783 eidem
659 727 778 780 desierim
800 743 851 796 pes
870 736 957 797 optate

205 802 337 856 reddatur.
685 873 687 876 Ι

284 912 463 969 Dilectissimo
478 911 551 965 iratri
564 909 661 963 traua
675 907 835 977 Simplicius.

169 1005 171 1009 ’
207 1003 404 1076 Cogitationem
420 1005 499 1060 terto
513 1019 565 1057 uon
578 1003 705 1057 babemus
717 1018 724 1054 :
737 1015 785 1054 nec
796 1001 868 1054 enim
882 998 957 1067 quie·

170 1112 248 1153 scere
269 1114 319 1152 nos
341 1113 420 1153 cansa
444 1097 592 1165 permittit,
615 1110 693 1165 quam
715 1095 742 1148 si
760 1093 957 1161 relinquamus,

171 1187 241 1255 apud
260 1187 395 1243 Christum
415 1188 555 1240 Dominum
578 1198 715 1252 nostruin,
736 1182 812 1251 enjus
832 1184 959 1244 irtteerst,

171 1278 337 1336 excusabiles
360 1276 439 1350 [lorte
460 1272 655 1345 inexcusabiles]
678 1287 787 1342 somus,
808 1272 841 1327 lit
863 1271 959 1326 mirum

171 1379 214 1425 est
228 1367 396 1424 dilectionem
412 1375 485 1422 tuam
501 1374 540 1422 tot
553 1357 670 1420 emensis
684 1364 863 1434 temporibus,
876 1372 903 1416 et
923 1368 961 1415 tot

173 1460 414 1537 opportunitatibus
426 1458 488 1535 inde
501 1454 678 1534 venientibus,
692 1452 727 1508 nil
742 1467 791 1508 nos
805 1451 838 1506 de
849 1451 963 1505 blesan-

174 1552 250 1607 drinn
266 1554 310 1607 Ec·
321 1552 402 1617 lesia,
418 1566 476 1620 qnae
490 1559 543 1603 tam
559 1549 675 1619 graviter
688 1545 816 1616 quatitur,
832 1544 963 1597 instruere

172 1643 308 1709 voluisse3
320 1658 381 1698 cum
396 1654 506 1697 mernere
515 1648 542 1694 lo
555 1653 604 1693 nee
617 1635 763 1706 increpatio
777 1636 867 1690 nostra
882 1631 964 1689 desti·

965 366 1052 426 Asuo
1067 361 1202 428 cognoscit
1214 357 1344 429 imperio,
1360 355 1485 411 Ecclesia
1501 354 1546 409 liei
1559 354 1592 409 ab
1607 352 1794 408 hereticorum

1006 453 1165 521 ciintagione
1182 459 1209 505 et
1227 448 1356 518 pravitate
1368 446 1510 512 violemur,
1524 445 1571 501 sed
1590 445 1718 500 doctrinae
1737 445 1796 499 dia·

1007 545 1100 601 bolicm
1114 544 1291 614 preceptione
1309 542 1415 612 pietatis
1431 541 1513 610 ipsius
1528 547 1688 609 praestentur
1701 539 1797 592 immo-

1007 652 1066 691 nes.
1087 636 1120 691 Ut
1141 637 1156 688 ii
1176 637 1220 705 qul
1239 629 1294 689 ¹sibi
1316 631 1478 687 credideriut
1495 631 1660 686 sacerdotale
1678 631 1800 685 ministe-

1008 726 1076 781 rium
1093 726 1209 781 damnati
1232 725 1256 778 b:
1268 725 1348 779 minis
1367 723 1574 794 praesumptione
1590 720 1722 785 cotelerri,
1738 735 1800 790 pro·

1008 817 1122 886 tnulgata
1145 815 1276 884 imperiali
1300 814 1492 868 constitutione
1516 812 1596 866 etiam
1621 826 1636 865 a
1663 820 1798 866 conventu

1011 906 1148 962 bominum
1173 906 1330 977 segregandi
1351 905 1494 976 jubeamur
1516 903 1646 960 excludi:
1670 896 1811 973 quatenns

1010 998 1052 1054 bis
1070 998 1217 1064 submotis,
1232 1009 1311 1068 atquc
1332 998 1358 1052 in
1380 997 1530 1050 solitudinis
1550 1006 1676 1065 perpetuu
1699 996 1801 1064 relega-

1012 1091 1084 1145 tione
1099 1089 1244 1154 damnatis,
1259 1089 1391 1142 antistites
1406 1079 1529 1142 catbolici
1543 1086 1664 1156 deceptis
1679 1087 1721 1139 vei
1741 1086 1801 1139 red·

1010 1182 1109 1239 dantur
1130 1180 1273 1243 Ecclesiis,
1289 1180 1330 1234 vel
1354 1189 1488 1235 creemur.
1509 1179 1535 1232 ln
1558 1194 1609 1245 qno
1633 1193 1683 1232 uec
1703 1188 1801 1230 nostre

1012 1288 1106 1344 preces
1121 1273 1191 1342 apud
1205 1271 1436 1342 religiosissimum
1448 1270 1606 1340 principem,
1622 1286 1671 1326 nee
1682 1269 1800 1324 dilectio·

1011 1369 1053 1421 nis
1072 1375 1123 1421 tuae
1138 1366 1288 1436 suggestio,
1303 1376 1348 1418 aut
1361 1373 1493 1420 teritorum
1511 1364 1620 1418 fratrum
1637 1350 1812 1429 nostrorum,
1827 1401 1831 1409 .

1013 1472 1081 1528 quos
1095 1457 1236 1512 advenisse
1249 1455 1507 1526 Cottstaotinopolim
1525 1456 1689 1525 reperimus,
1707 1455 1802 1524 implo-

1013 1548 1081 1603 ratio
1092 1548 1274 1610 sacerdotum,
1291 1557 1336 1601 aut
1349 1547 1508 1617 supplicatio
1522 1548 1714 1601 monachorum
1729 1546 1803 1600 labo·

1014 1653 1074 1693 rare
1089 1639 1196 1707 poterit.
1208 1637 1277 1704 Quin
1288 1639 1415 1709 quidquid
1428 1639 1460 1692 ad
1472 1639 1650 1707 iutegrinitem
1665 1628 1814 1692 eatbolicae'

175 1735 248 1799 terit,
263 1742 292 1787 ut
306 1732 460 1801 participata
474 1723 661 1791 sollicitudine,
678 1725 780 1780 litteras
798 1737 871 1778 meas
889 1720 958 1791 apud
975 1721 997 1779 tt
1012 1726 1073 1782 blei
1089 1729 1219 1798 pertinet,
1237 1730 1263 1783 in
1281 1745 1331 1798 qua
1355 1729 1535 1783 Ecclesiarum
1550 1738 1591 1783 est
1605 1724 1748 1783 constituta
1763 1743 1805 1782 se-

174 1823 430 1880 Cltristianissimum
445 1830 472 1878 et
484 1818 723 1876 cletnentissimnm
737 1817 882 1887 principem
894 1829 965 1885 pree·

173 1915 294 1972 sentibus
313 1925 365 1969 tuas
386 1899 538 1969 dilectionis
559 1911 759 1982 prosequereris
776 1909 965 1991 alloquiis,·et

173 2006 288 2063 instituti
297 2006 392 2062 vetetis
404 2019 515 2067 mernor,
525 2004 550 2058 in
561 2004 770 2058 ortltodoxorum
782 1999 963 2054 defensionem

170 2099 313 2153 ‘nobiscum
326 2099 365 2153 sic
377 2113 483 2166 semper
497 2096 684 2159 incumberes,
702 2111 736 2149 ne
750 2093 891 2163 quisquam
913 2082 965 2144 no·¹

174 2199 274 2255 semin,
289 2188 440 2245 Claristiana
457 2189 534 2258 plebe
550 2195 693 2256 pereunte,
709 2196 811 2240 reatuum
822 2181 965 2238 deditionis

174 2279 311 2347 incurrat,
327 2291 352 2335 ct
373 2279 555 2335 mercenarius
569 2281 657 2348 potius
672 2278 792 2332 videatur
806 2289 865 2329 esse
885 2289 965 2344 qnam

174 2381 275 2443 pastor.
292 2370 367 2427 liade
388 2371 523 2425 bortamur
536 2369 706 2424 dilectionem
728 2377 798 2423 tuam
819 2377 847 2420 ut
866 2382 965 2436 oppor-

175 2468 241 2517 tune
255 2470 335 2531 atque
350 2463 501 2529 importune
515 2461 565 2530 piis
579 2460 686 2513 auribus
702 2459 836 2512 insinuare
847 2471 901 2511 non
916 2455 965 2511 de·

174 2552 262 2619 sinac,
278 2560 408 2621 qnottgnos
421 2551 532 2605 remotis
545 2548 677 2605 scandalo
691 2565 750 2619 qua
766 2551 792 2601 iu
807 2546 967 2602 Alexandri·

89 2657 93 2664 ·
177 2657 240 2698 nata
265 2640 412 2699 Ecclesiam
445 2642 572 2697 recidivis
599 2641 707 2696 ausibus
734 2643 890 2706 irruerunt,
916 2654 966 2709 pat

175 2742 265 2802 opima
278 2733 413 2798 reddatur,
425 2743 451 2788 et
461 2733 586 2788 celeriter
596 2731 740 2802 vigilantiae
753 2740 804 2786 tuae
814 2731 961 2801 proiectos,

176 2825 336 2896 posthabitis
362 2825 388 2879 di
402 2823 585 2891 beultatibus,
609 2823 762 2879 inducatur.
784 2824 848 2876 bata
874 2832 968 2878 ocum

169 2913 238 2972 'idus
252 2918 421 2986 Novembris,
436 2918 566 2974 Severino
580 2917 702 2985 consule,
717 2919 813 2973 directe
826 2933 870 2988 per
884 2918 968 2975 liesti·

169 3018 269 3065 'tttttum
489 3052 492 3059 .
541 3014 545 3024 ’

493 3099 655 3155 Ettstoba

421 3206 541 3246 sturmen
557 3208 590 3246 ao
604 3208 722 3247 ennoea.

342 3282 363 3335 d
379 3280 447 3335 brice
462 3282 606 3337 Hoisteiaio
623 3284 712 3338 dotare
725 3283 805 3338 edite.

300 3372 478 3428 Dilectissimo
492 3374 564 3428 tratri
577 3373 675 3430 deacio
688 3373 849 3442 Simplicius.

173 3483 177 3490 ·
214 3463 322 3519 Litteris
342 3475 394 3519 tuae
409 3464 576 3528 dilectionis,
594 3480 661 3535 quas
680 3480 727 3535 pet·
745 3464 828 3519 fllium
850 3474 971 3520 nostrum

173 3553 361 3624 'Epiphaniam
380 3554 521 3609 diaconum
544 3554 663 3624 probata
686 3554 747 3611 lidei
769 3554 916 3622 direxisti,
939 3570 970 3611 sa

174 3659 241 3712 quae
253 3645 365 3700 strictim
381 3644 573 3714 religiosissimi
585 3644 635 3700 viri
651 3645 698 3700 liiii
713 3647 796 3701 nostri
811 3644 971 3718 presbyteri,

173 3733 396 3791 archimandritas
414 3750 475 3790 cum
494 3736 632 3792 monacbis
652 3739 694 3793 vel
715 3747 778 3794 ante
797 3738 970 3808 scripseram,

173 3826 262 3880 ,latios
283 3825 421 3891 iudicasti,
445 3836 472 3880 et
495 3827 600 3896 prolixo
622 3828 729 3897 quidem
750 3829 901 3896 uolumine,
925 3831 971 3886 scd

173 3929 307 3973 sermone
322 3918 475 3973 necessario
494 3917 624 3984 retulisti;
641 3926 670 3973 ut
689 3920 751 3988 quid
766 3920 808 3975 vel
821 3919 974 3974 Constanti-

181 4008 290 4080 nopoli,
306 4009 348 4065 vel
369 4009 396 4063 in
414 4008 474 4064 aliis
494 4009 648 4079 regionibus
666 4011 700 4064 ab
720 4010 852 4065 hereticis
869 4020 972 4080 gestum

174 4099 345 4157 ‘disceremus
362 4113 413 4155 :ae
424 4100 526 4171 engela
541 4117 600 4171 quo
615 4110 709 4156 contra
724 4099 919 4156 ecclesiasticas
932 4117 972 4157 re·

180 4192 273 4260 gulas,
293 4202 320 4247 et
337 4200 431 4248 eontra
450 4191 534 4260 ipsam
555 4191 713 4247 eatltolieam
728 4190 807 4246 bdem
822 4191 974 4264 ubicunque

182 4283 325 4339 commissa
341 4291 413 4352 sum,
428 4291 491 4337 ame
512 4291 619 4337 nostros
633 4282 725 4338 oeulos
737 4283 893 4350 collocasti;
908 4300 975 4355 qua-

141 4435 142 4438 ,
183 4385 261 4432 teum
276 4375 398 4431 videatur
414 4389 468 4446 quo
486 4374 567 4431 etiam
588 4374 706 4430 remedio
721 4374 909 4431 subveniretur
924 4377 974 4432 Ec·

1015 1821 1114 1876 attritas
1128 1834 1250 1890 regressu
1265 1820 1375 1891 pietatis
1387 1836 1453 1887 suu,
1469 1819 1581 1874 Domino
1592 1835 1621 1873 se
1632 1819 1727 1888 ubique
1742 1835 1805 1888 pro·

1015 1920 1145 1979 sequente
1158 1911 1277 1965 tiernium
1292 1910 1460 1979 preveniens
1474 1920 1534 1964 veta
1549 1911 1675 1966 restilu't.
1692 1910 1723 1964 Et
1736 1910 1806 1978 apud

1015 2010 1132 2056 ntetttem
1146 2000 1401 2056 christianissimam
1419 2001 1505 2057 lacilis
1520 2009 1561 2056 est
1573 2002 1732 2069 impetrandi
1747 2017 1807 2072 gra·

1017 2091 1069 2154 tia,
1085 2090 1129 2144 ubi
1146 2090 1282 2160 religionis
1303 2099 1344 2145 est
1362 2106 1452 2146 causa.
1467 2091 1542 2146 Sicut
1562 2106 1626 2161 ergo
1644 2092 1738 2148 litteris
1757 2078 1816 2146 no·⁷

1015 2181 1090 2249 stris,
1107 2182 1141 2236 ita
1154 2191 1206 2236 tue
1223 2182 1387 2251 dilectionis,
1405 2183 1445 2237 vel
1461 2183 1579 2237 omnium
1593 2182 1703 2237 iratrutu
1719 2184 1763 2254 qui
1779 2198 1809 2239 se

1016 2272 1048 2326 ad
1074 2273 1235 2327 doettmenta
1264 2273 1326 2328 ildei
1353 2287 1409 2328 sttae
1432 2273 1655 2333 christianissimi
1682 2274 1810 2344 principis

1018 2367 1215 2430 presentamus
1235 2365 1411 2433 conspectui,
1440 2366 1607 2433 suggestione
1634 2366 1810 2433 repetendum
1871 2392 1874 2399 ·

1016 2465 1073 2520 est,
1089 2466 1117 2511 ut
1133 2457 1293 2512 Timolleos
1305 2473 1366 2512 curn
1386 2458 1546 2526 sequacibus
1563 2460 1619 2513 sois
1632 2459 1664 2512 at
1684 2460 1805 2514 irremea-

1018 2549 1071 2605 bile
1082 2550 1211 2620 dirigatur
1225 2550 1361 2605 exsilium.
1374 2550 1439 2604 Cum
1453 2564 1506 2625 quo
1519 2551 1616 2606 Paulos
1629 2551 1662 2604 ab
1676 2550 1812 2621 Ephesiae

1022 2642 1154 2707 Ecclesia,
1171 2654 1197 2697 ct
1212 2643 1306 2698 i‘etrus
1317 2643 1350 2697 ab
1364 2643 1530 2698 dutiocbetta
1547 2643 1655 2698 civitate
1672 2643 1812 2714 depulsus,

1018 2742 1099 2803 atquo
1112 2749 1207 2788 omnes
1221 2734 1265 2804 qui
1279 2733 1313 2788 ab
1327 2747 1359 2789 co
1373 2749 1413 2799 se,
1427 2734 1470 2787 vel
1482 2734 1516 2788 ab
1530 2733 1572 2788 bis
1584 2749 1652 2802 quos
1668 2733 1761 2790 illicite
1772 2733 1815 2790 le·

1018 2833 1108 2890 cerat,
1125 2825 1259 2880 aestimant
1272 2825 1414 2895 episcopos
1433 2826 1590 2894 ordinatos,
1608 2826 1700 2881 eadent
1716 2826 1814 2883 debent

1021 2915 1081 2986 lego
1101 2916 1219 2986 percelli.
1241 2917 1278 2971 lle
1299 2916 1415 2971 Antonio
1437 2925 1543 2981 autem,
1564 2916 1609 2986 qui
1628 2932 1721 2972 eorum
1744 2932 1814 2986 quos

1020 3015 1113 3060 contra
1142 3007 1288 3061 Ecclesiam
1315 3018 1443 3076 tyrannos
1467 3011 1598 3073 miserat,
1623 3008 1816 3078 antesignanus
1863 3037 1865 3040 ⁴

982 3088 1005 3152 C
1020 3099 1158 3167 existens,
1174 3101 1242 3153 sicttt
1257 3096 1442 3170 scriptumest
1458 3099 1545 3171 (Paul.
1559 3117 1619 3166 vut,
1635 3100 1673 3171 3),
1691 3101 1816 3157 iuimicus

1021 3200 1049 3245 et
1061 3190 1189 3246 defensor
1203 3192 1334 3261 apparuit.
1350 3191 1387 3246 lie
1402 3193 1504 3248 loauue
1523 3191 1639 3261 quodam
1654 3180 1820 3247 Constanti?

1022 3282 1186 3352 nepotiano,
1201 3282 1245 3352 qui
1257 3283 1290 3336 ab
1301 3283 1434 3337 haereticis
1445 3284 1611 3353 bpatnenum
1623 3281 1818 3348 sacerdotium,

1021 3372 1092 3443 qnod
1106 3373 1142 3439 ei,
1157 3373 1202 3443 qui
1221 3374 1363 3445 presbyter
1375 3373 1483 3430 eiitrude
1503 3375 1604 3442 iuerat,
1618 3375 1661 3430 rel
1675 3389 1690 3428 a
1704 3373 1818 3430 catholi-

1022 3463 1061 3518 cis
1076 3478 1184 3519 sumere
1199 3479 1252 3518 non
1266 3463 1381 3540 licebat,
1398 3479 1427 3519 se
1440 3464 1595 3521 butolicum
1612 3464 1774 3534 publicarit,
1790 3476 1818 3521 et

1022 3555 1094 3626 quod
1108 3558 1134 3610 iu
1151 3572 1181 3612 se
1198 3571 1339 3626 perperam
1355 3556 1453 3611 lactum
1468 3565 1509 3610 cst
1520 3553 1710 3625 improperium
1725 3565 1818 3611 retor-

1023 3649 1059 3704 sit
1087 3649 1112 3702 in
1140 3659 1293 3712 erectorem:
1320 3648 1461 3717 expellens
1484 3646 1518 3700 ab
1542 3644 1681 3701 Antiocbia
1708 3647 1818 3700 Petrum

1024 3753 1196 3811 pervasorem
1209 3741 1304 3808 ipsios,
1321 3737 1444 3793 earundem
1459 3737 1607 3791 Ecclesiam
1623 3736 1680 3807 ipse
1691 3736 1816 3805 pervasit,

1025 3831 1077 3887 sub
1089 3831 1260 3885 anatbemate
1275 3844 1289 3883 a
1302 3828 1517 3885 Christianorum
1532 3831 1686 3899 consortio,
1703 3830 1745 3885 vel
1761 3831 1818 3898 ipsa

1024 3922 1205 3992 appellatione
1226 3937 1422 3976 removemus:
1447 3937 1495 3976 nce
1514 3937 1629 3992 uuquam
1652 3923 1694 3977 bis
1712 3921 1821 3975 salisia-

1025 4011 1123 4066 etionis
1134 4000 1334 4080 patelaciendtts
1345 4018 1387 4064 est
1399 4011 1484 4065 locus.
1498 4012 1564 4078 Quia
1576 4012 1644 4066 sicut
1655 4010 1737 4066 indas
1749 4011 1819 4065 iuter

1025 4101 1172 4171 aposlolus,
1192 4102 1227 4156 ila
1242 4102 1283 4154 isti
1298 4101 1367 4155 iulet
1382 4101 1517 4156 tuinistros
1534 4102 1580 4155 Dei
1596 4102 1707 4156 subdola
1722 4111 1748 4154 ct
1761 4102 1821 4155 dia-

1025 4192 1106 4249 bolici
1126 4192 1236 4261 spiritus
1257 4191 1351 4247 leude
1372 4192 1515 4248 latuerunt.
1533 4192 1570 4248 tte
1585 4192 1729 4247 Cltristiaui
1750 4207 1821 4261 quo·

1025 4299 1078 4355 que
1100 4284 1188 4355 populi
1204 4283 1257 4338 ude
1273 4293 1300 4338 ot
1319 4282 1463 4338 devotione
1486 4283 1652 4352 gaudentes,
1670 4284 1817 4350 proiectum

1026 4374 1085 4445 ejus
1098 4385 1125 4431 et
1139 4372 1387 4444 multiplicationem
1399 4374 1453 4428 Deo
1464 4375 1563 4444 jugiter
1576 4373 1755 4442 sttpplieantes
1770 4389 1822 4427 ex·

140 4534 144 4540 .
181 4465 282 4532 clesiis,
299 4466 394 4534 quibus
405 4464 459 4520 vim
473 4465 523 4521 sub
535 4465 676 4522 occasione
692 4466 837 4538 tyrannice
850 4464 974 4522 domina·
987 4457 1014 4518 Ι)
1026 4465 1140 4535 petimus
1155 4482 1163 4519 :
1179 4475 1207 4519 ut
1222 4466 1247 4518 in
1264 4465 1359 4519 titttore
1373 4475 1453 4533 atique
1466 4478 1558 4518 autore
1570 4464 1673 4517 Domini
1688 4478 1816 4534 persero·

182 4555 285 4622 tionis,
311 4566 339 4610 et
362 4571 409 4625 per
431 4557 578 4614 absentiam
602 4557 821 4614 christianissimi
846 4559 973 4629 principis
1027 4571 1106 4625 rans,
1122 4565 1150 4612 et
1164 4572 1277 4611 nutriero
1291 4556 1396 4627 augeri,
1410 4567 1436 4611 et
1455 4557 1557 4611 coelesti
1578 4565 1712 4610 mereatur
1728 4563 1823 4624 prote·

178 4647 350 4718 perniciosus
369 4646 437 4703 latro
459 4657 486 4704 et
506 4650 637 4706 recidivus
657 4652 765 4706 invasor
786 4650 974 4706 bleranorum
1027 4649 1117 4705 ctione
1139 4648 1249 4704 ntuniri.
1271 4648 1299 4703 ln
1322 4663 1375 4720 quo
1399 4649 1514 4703 manime
1538 4649 1697 4719 gtortnnur,
1718 4662 1744 4702 et
1762 4649 1818 4704 beo

177 4737 314 4793 Ecclesiae
328 4736 529 4805 lapsusersiliis
544 4740 683 4810 irrogavit.
700 4741 896 4797 lindeuttieum
912 4750 972 4811 post
1026 4749 1120 4796 ttttsito
1139 4740 1330 4810 gratulabimur
1364 4739 1549 4806 eotuplacere,
1570 4739 1631 4810 quia
1655 4736 1816 4808 pastoralem

178 4828 284 4896 ¹lisura,
304 4827 349 4898 qui
370 4826 515 4883 Ecclesiam
536 4838 562 4884 et
582 4830 899 4900 rempublicam'eonsolu
913 4830 975 4887 iotts
1025 4835 1133 4907 respicit
1159 4836 1294 4901 lrnctum,
1314 4834 1431 4904 religiosi
1456 4835 1533 4890 ovilis
1559 4844 1741 4904 augmentum.
1766 4833 1816 4890 llio

181 4921 298 4975 mirabili
312 4919 449 4986 visitavit,
462 4920 567 4976 etiamsi
579 4920 631 4977 boc
645 4921 702 4977 beri
717 4922 827 4978 tttiuime
841 4924 976 4993 postulas·
1024 4938 1115 4984 amem
1131 4926 1227 4983 iratres
1245 4938 1273 4982 et
1291 4928 1465 4997 coepiscopos
1478 4937 1584 4981 nostros
1601 4925 1669 4993 apud
1683 4925 1816 4979 Constan-

182 5026 244 5079 tes,
255 5011 456 5068 clementissimi
470 5012 638 5083 imperatoris
651 5012 777 5068 auxilium
790 5013 913 5069 derivans
925 5013 975 5069 im·
1025 5017 1164 5087 cinopolitn
1184 5032 1237 5071 non
1259 5017 1385 5071 convenit
1403 5017 1537 5072 demorari
1558 5034 1565 5069 :
1585 5030 1656 5070 nunc
1671 5015 1815 5086 praecipue,

183 5104 357 5173 plorandum
371 5110 401 5158 ut
416 5119 465 5173 pro
479 5105 674 5175 carnibusque
684 5120 767 5176 reguo
777 5105 835 5175 ejus
847 5106 974 5162 Dominus
1023 5122 1085 5164 com
1107 5115 1216 5178 propter
1231 5107 1435 5162 concussionem
1451 5106 1644 5176 persecutionis
1660 5122 1720 5176 quaa
1744 5117 1816 5160 mota

181 5195 286 5263 tribuit,
302 5210 336 5250 ne
350 5195 461 5251 ulterius
479 5195 505 5250 iu
528 5195 594 5251 orbe
610 5205 753 5262 terrarum,
769 5211 836 5268 quas
850 5197 971 5254 subditas
1025 5195 1129 5279 luerat,
1142 5197 1266 5252 sollieitae
1280 5207 1360 5268 atque
1377 5198 1496 5253 attonite
1509 5205 1571 5250 suut
1585 5196 1612 5251 in
1627 5197 1817 5266 suprascriptis

1824 5313 1830 5363 l

1020 5375 1143 5428 venenati
1157 5373 1267 5440 colubri,
1281 5373 1437 5428 truculentae
1450 5371 1542 5426 bestiae
1554 5382 1581 5429 et
1590 5373 1663 5429 laces
1677 5373 1818 5428 ltmrctieo-

1022 5459 1093 5508 ruvu,
1108 5445 1249 5509 cnaeibeos
1259 5457 1287 5500 et
1304 5447 1411 5513 bloggns
1423 5444 1598 5498 dotiocbenae
1610 5452 1640 5498 et
1652 5443 1814 5499 dlettaudri·

1023 5530 1064 5568 tue
1077 5513 1134 5570 sedi
1147 5514 1336 5577 oblrttdautur,
1350 5513 1513 5583 legitimique
1528 5529 1697 5584 possessores
1711 5514 1817 5569 Galea·

1021 5584 1084 5711 (litim.
1110 5594 1139 5640 et
1162 5585 1280 5642 ioannes
1304 5582 1421 5654 episcopi
1449 5585 1512 5640 indo
1539 5585 1718 5656 expellantur.
1747 5584 1818 5641 Sev.

1045 5670 1123 5711 tutus.

219 5377 227 5409 ¹
244 5376 391 5433 l‘erbreres
408 5374 488 5431 bases
504 5383 530 5428 et
545 5374 680 5430 aetdealas
700 5374 800 5430 litteras
819 5381 967 5446 postremas

182 5445 216 5500 ad
229 5447 353 5502 bracium
365 5447 438 5501 dedit
450 5444 617 5514 Simplicius,
634 5445 731 5513 quibus
746 5445 820 5499 illum
836 5444 964 5498 adversus

184 5515 324 5572 haereticos
340 5517 373 5570 ad
389 5518 508 5586 praelium
523 5523 776 5579 sumersetensium
791 5515 837 5569 sed
858 5515 967 5580 iruslra,

184 5594 276 5650 retrove
289 5587 333 5655 qui
351 5586 485 5656 transfuga
502 5584 588 5641 iactus
602 5584 739 5640 incastris
754 5585 968 5639 adversariorum

185 5656 291 5723 militet,
306 5654 470 5729 solliciteque
483 5657 553 5731 apud
574 5657 764 5727 inperatorem
783 5663 854 5726 agat,
869 5665 898 5710 ut
914 5653 968 5710 duo
