3788 6120
170 205 219 261 sm
777 208 1182 266 mmmmsmmmma.
1331 184 1332 187 ‘
1739 213 1772 271 u

595 335 1772 351 „-„„-„„„„„„-„.„„„„„.-..--„

759 444 840 490 ΔΝΝΟ
862 447 1196 493 nomtusccccaxxxu.

121 369 842 931 SIDONIUS
890 371 1741 810 APOLLINARIS

759 865 973 924 calvomontisi
997 869 1175 923 Episcopus

859 998 1099 1012 *-

669 1101 1279 1214 PROLEGIIIIIENA.

865 1303 1108 1320 *ιιι-ὕ

585 1435 890 1520 EPISTULA
928 1434 1377 1517 DEDICATORIA.

537 1599 673 1664 lsaoaas
704 1600 889 1661 Ssaaaavvs
923 1600 959 1660 b,
985 1601 1225 1661 Rurrsucsavro
1251 1599 1427 1669 nanneno,

612 1741 646 1801 S.
662 1741 699 1807 il.
715 1741 754 1811 li.
775 1742 933 1805 cardinali
947 1745 1090 1823 episcopa
1108 1743 1347 1807 silvanectensi.

209 2007 401 2068 aestivarum
417 2006 475 2070 tibi
488 2015 560 2069 ante
575 2025 674 2071 annas
686 2011 860 2090 complures
873 2013 1041 2078 Sidonium
1056 2024 1212 2087 nastrum,
1230 2010 1439 2095 illustrissime
1452 2007 1637 2078 cardinales,
1650 2023 1711 2087 pso
1728 2023 1772 2069 vat

168 2105 283 2167 accidit
300 2115 334 2166 ut
350 2123 407 2186 per
423 2105 542 2169 easdem
557 2109 619 2188 sere
636 2109 700 2171 dies
712 2111 801 2190 prelo
818 2110 1012 2193 subjicerem,
1029 2114 1141 2196 quibus
1157 2124 1186 2177 te
1199 2113 1236 2176 ab
1251 2112 1349 2177 Italis
1365 2111 1506 2191 reducem
1525 2108 1679 2189 plaudens
1696 2106 1772 2171 Gall

168 2205 302 2286 privatis
312 2203 505 2286 publicisque
518 2207 786 2285 qratulatianibus
799 2212 1056 2293 prosequebatur.
1070 2214 1152 2280 Nam
1170 2232 1237 2275 cum
1252 2234 1271 2275 a
1286 2231 1332 2274 me
1345 2212 1453 2295 itidem
1470 2228 1511 2272 ea
1524 2207 1638 2272 veteris
1652 2208 1772 2275 clienlel

168 2323 253 2366 neau
267 2304 484 2366 adventarium
497 2305 678 2368 albimanus
692 2307 822 2389 aliquod
838 2309 942 2372 deberi
959 2314 1117 2388 sentirem,
1136 2310 1305 2390 aptandum
1322 2318 1388 2370 erat
1402 2309 1543 2387 prosecta
1563 2316 1600 2368 ut
1622 2305 1686 2369 tale
1698 2325 1772 2369 nane

168 2419 279 2475 scores,
295 2402 379 2482 quad
392 2421 457 2464 aaa
472 2403 572 2467 svium
589 2405 741 2468 desideria
754 2417 863 2471 nostra
879 2412 1000 2482 testari,
1018 2409 1071 2472 sed
1086 2420 1169 2472 tuam
1192 2428 1313 2490 quaque
1336 2407 1471 2489 qratiam
1484 2407 1566 2469 inire
1579 2425 1616 2469 aa
1630 2423 1772 2485 promere

167 2510 280 2583 posset.
295 2501 388 2566 Nunc
402 2520 475 2565 vera
487 2523 544 2566 sua
554 2514 664 2586 sponte
683 2504 717 2568 id
730 2506 866 2572 oblatum
880 2519 938 2586 est,
956 2510 1040 2591 quad
1050 2510 1150 2571 amari
1162 2509 1216 2570 abs
1232 2517 1272 2583 te,
1289 2508 1317 2570 si
1332 2514 1361 2569 te
1373 2524 1469 2572 amas.
1479 2504 1672 2585 probarique
1684 2521 1772 2566 nscss

168 2601 224 2662 sit.
241 2599 327 2677 Quid
347 2603 428 2665 enirn
441 2602 530 2675 aliud
545 2604 604 2667 tibi
616 2604 714 2687 affero
729 2623 799 2669 cum
814 2607 984 2671 Sidonium
1001 2611 1111 2689 affero,
1129 2627 1221 2688 quam
1234 2608 1366 2670 alterum
1381 2610 1410 2667 te
1425 2603 1494 2677 tibi,
1513 2604 1572 2666 bae
1587 2615 1632 2665 est
1645 2612 1772 2684 praesa

171 2703 322 2768 tissimum
331 2719 453 2782 qenere,
464 2704 621 2779 doctrina,
633 2707 946 2781 virtuteaatistitem,
957 2709 1067 2772 iisdem
1078 2699 1222 2772 laudibsis
1238 2706 1485 2786 ornamentisque
1495 2705 1627 2784 pradita
1640 2706 1772 2767 antistit

169 2803 312 2889 prolecta
329 2804 505 2872 Galliarum
525 2813 750 2886 patronatum.
768 2806 939 2870 Gallicana
961 2809 1082 2870 militia
1106 2807 1252 2886 maqistri
1276 2806 1365 2885 filia,-
1384 2805 1565 2885 prap‘eetum
1583 2803 1660 2868 urbi
1685 2805 1772 2866 Rsnu

170 2905 327 2970 cardinali
342 2915 536 2969 tantumnvss
545 2907 647 2986 prima
659 2907 693 2969 in
708 2906 858 2970 Ecclesia
872 2906 1017 2970 Romana
1028 2907 1128 2985 qradss
1142 2907 1335 2975 constituta:
1348 2905 1524 2984 episcopum
1537 2904 1670 2983 denique
1683 2903 1772 2968 Arna

171 3020 283 3064 aarum
292 3003 471 3068 Arvernica
484 3005 564 3068 sedis
574 3006 707 3083 ejusdem
715 3006 882 3086 episcopal
893 3007 1030 3069 Tametsi
1041 3008 1122 3068 enim
1133 3014 1161 3067 te
1171 3005 1318 3067 Arvernis
1329 3002 1394 3064 tuis
1405 3003 1587 3081 iampridem
1598 3002 1772 3067 satanam·

171 3103 376 3183 mainerisqese
388 3103 559 3168 desiderari
573 3100 611 3164 ab
628 3104 669 3167 iis
684 3106 880 3184 praeentiam
897 3099 981 3165 tuam
993 3123 1084 3185 quam
1097 3112 1282 3185 perpetuum
1298 3102 1365 3165 illis
1382 3102 1494 3164 bassum
1508 3120 1568 3165 esse
1582 3121 1643 3181 qua
1658 3102 1772 3181 frueba

172 3207 237 3279 tur,
252 3200 344 3263 bonet
367 3211 467 3263 samen
494 3202 635 3283 siqetqsse
651 3203 686 3265 iss
703 3205 841 3266 amnium
856 3203 969 3266 animis
990 3204 1168 3284 qratissima
1191 3205 1396 3283 pontificatus
1420 3205 1468 3265 tui
1490 3203 1684 3266 recordatio.
1699 3202 1772 3284 Neqt

169 3298 235 3362 ulla
246 3317 384 3381 unquam
400 3300 546 3362 evitatas
562 3318 631 3381 qua
643 3300 745 3362 lustra
758 3302 815 3363 illa
829 3301 963 3384 quinque
977 3321 1043 3364 nass
1057 3302 1198 3380 celebret,
1212 3301 1323 3383 quibus
1335 3303 1376 3364 ad
1388 3302 1534 3364 Ecclesia
1547 3301 1772 3381 claromontani

171 3402 292 3465 clavum
306 3401 425 3474 sedens,
443 3419 545 3462 omnes
568 3400 619 3465 illi
637 3401 875 3478 prudentissimi
891 3402 1187 3482 viqilaatissimique
1200 3403 1339 3483 pastoris
1352 3419 1496 3464 numeros
1517 3399 1688 3465 reddidisti
1707 3419 1772 3465 :css

170 3500 319 3562 creditam
342 3499 401 3565 tibi
411 3499 528 3579 plebem
548 3498 718 3564 calestibus
736 3501 924 3578 disciplinis.
943 3520 998 3565 nec
1015 3501 1116 3564 verbis
1134 3509 1255 3563 tantum
1269 3521 1306 3562 aa
1320 3519 1470 3578 sermone,
1487 3500 1541 3562 sed
1561 3501 1692 3580 seriptis
1708 3502 1772 3570 stis

171 3599 394 3676 voluminibus,
417 3618 496 3664 vera
510 3601 638 3681 pietatis
654 3601 800 3680 maqister
814 3601 953 3665 erudires
962 3623 973 3670 ,-
989 3610 1055 3663 tum
1068 3604 1163 3664 vitam
1181 3603 1257 3680 ipse,
1273 3619 1452 3682 morumque
1473 3603 1607 3682 [armam
1621 3619 1772 3665 amnesss

169 3702 351 3778 instrueres,
365 3709 403 3762 ut
414 3701 525 3781 quibus
537 3701 741 3772 successisset,
753 3718 924 3781 quarumve
937 3703 971 3764 in
984 3702 1129 3763 catliedra
1138 3702 1273 3776 sederes,
1286 3709 1436 3781 perpetua
1450 3701 1608 3778 meditari,
1622 3702 1772 3765 laudande

169 3820 228 3880 que
241 3802 429 3865 imitationis
444 3801 563 3874 studia,
580 3819 664 3866 nunc
687 3803 910 3881 dustremans‘i,
924 3802 1088 3884 illidiique
1102 3804 1314 3874 sanctitatem,
1336 3802 1513 3865 l'enerandi
1530 3809 1622 3883 atque
1644 3802 1772 3882 Epsrvl

170 3900 364 3980 reliqianem,
376 3902 546 3978 Quintiani
561 3906 782 3979 constantiam,
795 3904 880 3968 batti
893 3887 1085 3981 modestiam,
1095 3906 1372 3987 beniqnitatemque
1385 3908 1527 3969 aemulari
1537 3907 1680 3971 viderere
1692 3930 1703 3971 .·
1716 3926 1772 3972 nsss

170 3999 260 4070 eniti,
273 4008 309 4060 ut
323 3998 525 4061 bumanorum
539 4017 642 4063 rerum
656 4002 859 4081 despicientia
873 4003 1023 4080 Bonitas,
1037 4020 1199 4064 sacrarum
1214 4003 1355 4066 locorum
1376 4004 1461 4065 cultu
1479 4004 1635 4079 Genesias,
1649 4022 1772 4070 revavas

169 4100 218 4162 dis
239 4097 280 4160 ad
301 4108 416 4162 rectam
440 4100 528 4181 fidem
552 4099 651 4162 deviis
666 4100 797 4181 Avitas,
820 4098 1018 4161 sublevandis
1036 4101 1166 4178 inopum
1183 4101 1410 4163 calamitatibus
1427 4101 1593 4174 Sidonias,
1620 4103 1772 4167 universa

169 4200 297 4288 denique
310 4199 545 4262 lectissimorum
561 4198 719 4279 quandam
732 4199 901 4278 prosatum
913 4209 1067 4281 senatum,
1081 4202 1241 4263 Arvernia
1253 4219 1315 4264 sua
1327 4203 1480 4264 virtutum
1494 4210 1618 4263 tuarum
1630 4203 1772 4268 luminibs

169 4297 376 4379 exemplisque
396 4315 571 4365 renovaret.
589 4297 773 4376 Quanquam
793 4301 856 4359 bac
872 4319 892 4359 a
912 4316 958 4361 me
980 4317 1140 4379 quorsum,
1164 4302 1220 4382 qui
1235 4319 1289 4363 nea
1304 4301 1410 4363 laudes
1427 4308 1496 4363 tuas
1510 4301 1644 4365 scribere
1659 4304 1772 4368 instita

169 4417 226 4460 nec
236 4399 264 4459 si
278 4398 381 4468 velim,
393 4415 470 4475 opus
486 4395 609 4459 babeam
628 4397 790 4477 praterita
804 4404 955 4470 retexere,
974 4417 1044 4460 cum
1056 4399 1090 4461 iss
1098 4410 1248 4479 promptu
1257 4400 1333 4471 sint,
1347 4417 1384 4460 ac
1398 4397 1519 4461 laudem
1528 4417 1647 4460 amnem
1656 4401 1772 4465 vinnan

169 4515 236 4574 qua
251 4498 285 4558 in
299 4505 328 4557 te
349 4505 404 4559 aut
419 4497 516 4558 Rama
529 4511 629 4576 nuper
643 4501 789 4556 venerata
801 4503 857 4566 est.
872 4503 929 4558 aut
943 4512 1029 4557 nune
1041 4497 1114 4558 aula
1140 4496 1286 4574 suspicit,
1309 4503 1364 4555 aut
1381 4495 1463 4574 {arte
1475 4512 1532 4554 sua
1549 4494 1613 4556 lati
1624 4496 1772 4574 pradinas

170 4597 412 4659 silvanectenses
439 4599 508 4659 tuil
523 4599 668 4661 Attamen
690 4595 763 4658 tine
787 4595 889 4668 vides,
914 4595 1125 4659 illustrissime
1147 4595 1329 4667 cardinalis,
1354 4611 1416 4672 qua
1441 4591 1556 4670 ,idacio
1581 4595 1772 4660 benevolenti

171 4693 468 4776 approbationisque
489 4703 548 4756 tua
560 4694 761 4758 vernaculum
776 4692 834 4755 tibi
847 4711 884 4756 aa
904 4710 979 4772 pene
991 4692 1192 4754 domesticum
1208 4687 1510 4758 annosissimam:
1528 4698 1563 4750 ut
1577 4708 1648 4752 cum
1663 4694 1772 4759 nomin

171 4799 219 4862 tui
233 4795 446 4857 studiosarum
460 4805 589 4856 conatus
613 4812 715 4855 amnes
738 4792 866 4873 beniqne
879 4792 1042 4870 complecti
1063 4793 1178 4860 soleas,
1195 4790 1383 4869 pracipuom
1407 4798 1508 4849 tamen
1529 4788 1666 4852 Sidonia
1688 4803 1772 4857 nosti

169 4898 303 4974 qratiam
315 4905 364 4958 tot
375 4895 434 4958 tibi
446 4896 624 4957 nominibus
638 4896 764 4958 addicta
779 4904 809 4958 et
821 4902 1004 4959 consecrata
1018 4892 1122 4955 deberi
1136 4894 1300 4972 confidam.
1317 4891 1427 4968 traque
1441 4906 1478 4948 vv
1490 4889 1582 4952 islam
1597 4892 1726 4971 quidesse
1740 4901 1772 4956 ta

170 5003 247 5063 lenti
262 5008 334 5081 past
353 5009 399 5064 tat
411 5018 513 5063 annas
527 5000 626 5080 officii
642 5001 831 5074 tarditatem,
848 5016 886 5085 ne
898 4996 975 5060 milei
987 4995 1097 5077 fraudi
1111 4997 1152 5058 sit
1166 4995 1361 5074 pertimesco,
1384 5008 1452 5051 cum
1462 4990 1584 5070 facilem
1597 4996 1735 5068 veniam,
1746 5012 1772 5057 at

169 5103 290 5166 laudem
303 5105 422 5184 patius,
439 5101 474 5162 ni
496 5101 604 5180 pallor,
615 5099 741 5180 judicia
754 5107 808 5160 tva
823 5097 981 5160 relaturus
995 5094 1123 5163 videar,·
1138 5111 1226 5173 quens
1246 5088 1401 5168 intelliqes
1415 5086 1471 5150 isac
1489 5089 1557 5168 ipsa
1570 5095 1683 5155 veteris
1701 5092 1772 5156 debi

169 5203 359 5283 professione
372 5199 533 5280 antiquam
555 5208 584 5262 et
607 5205 800 5262 constantem
818 5196 853 5258 in
872 5195 923 5259 tui
938 5192 1137 5256 veneratione
1159 5199 1250 5271 atque
1263 5184 1408 5266 obsequia
1420 5190 1686 5262 perseverantiam
1702 5189 1772 5254 deal

169 5321 250 5373 barb.

513 5321 521 5338 ’
560 5325 725 5442 tear.

1162 5449 1375 5515 Deditissimuv
1391 5447 1458 5508 isa.
1473 5446 1675 5522 Ssauoaaus,

1316 5548 1383 5608 Soc.
1399 5548 1477 5609 sesa
1493 5551 1597 5626 prasii.
