3788 6120
164 277 221 337 l-ts
760 306 763 312 ·
836 277 963 344 ttttatctl
983 280 1134 340 uttscott
1748 283 1801 342 tto

161 408 255 451 corum
277 393 415 472 interruit
439 392 643 460 discriminant,
666 395 815 449 animorum
837 409 869 452 sc
892 400 994 460 sen-A
1310 396 1416 453 uttst.
1437 395 1493 453 l.ll.

162 498 240 540 sttttm
256 483 386 554 colloquia
406 485 457 539 llda
472 485 643 554 cossiungant.
659 484 724 553 Qttia
744 487 795 540 boc
812 485 891 541 nobis
905 502 953 558 ge·
1094 489 1215 545 Ruricius
1228 492 1361 560 epiacmm
1376 487 1505 543 Praesidio
1522 487 1576 557 filie
1589 487 1709 543 sulutem.

162 577 254 634 rurale
264 575 307 632 uel
320 576 464 632 maximum
474 576 704 645 uirtusdiujuctae
717 577 822 645 pictatis
832 577 952 645 indulsit,
1040 578 1201 650 Plerumque
1222 575 1365 653 [Plerique]
1388 579 1451 633 dum
1477 592 1522 633 me
1543 576 1614 646 apud
1633 577 1800 634 indiuiduam

161 678 192 726 at
205 669 251 734 nuti
270 682 319 723 uos
332 676 442 737 aspectu
458 669 557 724 munuli
573 683 627 722 non
648 682 790 737 possumus
810 669 950 736 contueri,
1004 668 1071 724 miltl
1092 669 1282 725 sublimitatem
1304 679 1423 725 restrum
1446 683 1500 723 non
1522 667 1586 723 uitae
1611 668 1726 734 merito,
1747 669 1800 725 sed

112 829 127 846 ,
161 761 293 830 spirituali
315 773 459 816 cernamus
478 760 585 815 obtutu.
608 759 686 816 llnde
708 760 837 817 redeunte
860 763 953 832 pertale
1003 760 1333 830 annulatummpriritegio
1346 759 1458 816 multum
1469 772 1549 829 posse
1562 758 1801 824 conliduut,com·

160 854 310 908 littcrarum
324 852 391 916 bas,
403 852 473 908 sicut
485 851 651 920 injunxistis,
668 851 781 908 reddere
795 854 951 922 procurari,
1004 853 1175 909 mendatitias
1189 869 1204 909 a
1222 853 1300 910 nobis
1312 853 1409 922 ostibus
1424 851 1505 909 vobis
1518 863 1692 917 excusentur,
1707 853 1800 922 inqui·

159 953 190 1000 ιιι
208 954 237 1001 et
250 943 422 1000 sollicitudini
443 951 539 999 vestra
560 951 588 998 et
608 950 707 996 mutue
725 943 829 998 caritati
852 943 953 1013 puriter
1003 951 1067 998 runt
1080 959 1087 996 :
1101 957 1167 1012 qttas
1186 944 1227 998 eis
1241 957 1290 1013 pro
1307 941 1388 997 oillcii
1409 941 1495 998 nostri
1519 941 1681 998 necessitate
1699 957 1801 1014 negare

159 1035 364 1104 responderem.
381 1032 463 1090 Salve
481 1033 571 1102 itaque
584 1031 743 1100 apostolatui
756 1041 849 1088 restro
868 1032 953 1101 pluri·
1003 1047 1057 1088 non
1072 1048 1230 1100 pessumum
1246 1047 1299 1088 non
1313 1033 1531 1102 presumptum
1547 1031 1674 1096 audacia,
1687 1033 1735 1088 scd
1747 1033 1801 1087 ttri-

160 1138 233 1179 mum
247 1122 386 1194 domnolo,
401 1130 428 1178 et
442 1123 493 1177 lmc
511 1120 583 1187 uuod
601 1121 722 1191 apicibus
736 1136 857 1177 mearum
878 1121 953 1177 testi·
1003 1124 1106 1179 nistorii
1127 1123 1284 1193 disciplina,
1298 1124 1364 1179 dum
1377 1131 1405 1180 et
1420 1122 1474 1178 illis
1490 1125 1633 1193 presentis
1646 1124 1709 1179 vitae
1722 1124 1799 1178 sols·

159 1216 252 1272 monio
272 1214 395 1269 voluistis
420 1225 585 1282 agnoscere,
607 1221 696 1267 utrum
719 1211 831 1268 Siudilla
855 1226 953 1282 porcos
1002 1211 1086 1281 tium,
1099 1224 1127 1270 et
1142 1202 1219 1270 tobis
1231 1212 1374 1283 prouidere
1387 1213 1573 1268 desideremus
1586 1221 1707 1268 aeterna.
1723 1212 1758 1269 llt
1769 1224 1799 1269 et

159 1320 241 1371 suos,
262 1303 393 1374 pmdente
415 1302 552 1358 Foedamio
567 1301 746 1372 perdidissem
765 1302 892 1358 noveritis
908 1319 952 1360 me
1002 1305 1042 1362 illi
1061 1321 1109 1376 per
1122 1305 1280 1376 patientiam
1295 1313 1410 1360 restrum
1426 1314 1599 1361 reserventur
1611 1303 1647 1357 utl
1664 1304 1798 1374 praeniten-

159 1397 230 1468 epod
244 1397 469 1461 ltominesmeos,
481 1395 527 1449 ubi
542 1392 669 1459 luerunt,
683 1393 827 1465 diligenter
841 1396 951 1466 perqni·
1002 1397 1083 1464 tiam;
1102 1406 1130 1452 ct
1150 1409 1199 1453 soa
1216 1410 1265 1465 per
1286 1393 1499 1451 miscricordiam
1518 1392 1683 1464 perveniatis
1702 1393 1736 1448 acl
1749 1409 1797 1449 re·

159 1490 238 1546 sisse.
254 1487 307 1545 Sed
321 1489 392 1541 sicut
404 1495 467 1541 ante
480 1483 535 1555 lam
550 1499 677 1541 noueram
691 1485 776 1556 magis
792 1493 820 1541 et
835 1485 899 1541 istos
912 1486 952 1540 la·
1001 1493 1084 1558 niam,
1100 1490 1171 1546 sicut
1183 1490 1248 1545 dicit
1259 1487 1396 1559 Scriptura
1411 1503 1419 1546 :
1435 1486 1708 1559 cessissemusne
1721 1485 1797 1542 mise

159 1581 252 1638 bouem
275 1579 389 1636 iaciente
408 1586 422 1615 ¹
441 1577 501 1649 paci
525 1575 646 1634 sindilla
667 1591 810 1648 perpessos
831 1590 908 1645 esse,
924 1586 952 1632 et
1000 1584 1171 1639 ricordicerit
1185 1578 1796 1654 puinonieceritmisericordicmliccmnlbl.

159 1675 246 1744 ipsum
261 1685 359 1741 porcos
370 1683 434 1727 suos
447 1683 496 1741 per
511 1669 712 1737 perversitatem
726 1682 817 1736 attam,
837 1668 901 1725 dom
916 1668 952 1725 de
1001 1677 1068 1744 Quia
1083 1676 1152 1732 dixit
1162 1695 1170 1732 ι
1181 1675 1319 1739 Dimittite,
1334 1682 1358 1728 et
1367 1673 1507 1728 dimittitur
1516 1673 1586 1727 subis
1598 1670 1676 1743 (Lac.
1687 1685 1725 1734 rt,
1736 1671 1797 1739 37).

159 1766 271 1821 edwii
285 1772 362 1833 l²l¹0
376 1776 437 1818 ⁸⁸⁸0
452 1775 482 1817 ιθ
492 1761 607 1830 helim·
621 1759 744 1816 lmltiiffl
755 1760 880 1830 coenosi.
891 1758 950 1816 Ca·
964 1760 989 1822 B
1001 1765 1097 1823 Procul
1112 1764 1193 1821 lisbio
1207 1779 1288 1835 quern
1301 1762 1400 1819 viderit
1416 1761 1460 1818 laic
1471 1761 1561 1819 lacere
1574 1761 1645 1832 qttod
1660 1760 1797 1830 precipit,

160 1866 246 1914 terum
262 1854 400 1924 praelatum
413 1852 579 1909 loedamium
593 1850 632 1906 illi
651 1849 678 1905 in
693 1851 767 1906 nullo
779 1850 949 1920 culpabilem.
1004 1856 1030 1911 in
1044 1854 1134 1910 loturo
1148 1856 1173 1911 ei
1192 1854 1317 1910 restituet
1333 1852 1403 1923 quod
1420 1852 1554 1921 promisit.
1575 1851 1657 1906 Nobis
1676 1851 1749 1907 enim
1764 1850 1798 1906 tt-

159 1949 225 2005 llaut
244 1946 315 2018 qnod
331 1944 456 2016 pertulit,
472 1936 604 2000 nolli‘nisi
622 1942 703 1998 debet
714 1951 742 1998 et
760 1941 886 1997 omnibus
898 1942 950 1996 int·
1002 1947 1055 2005 lius
1067 1946 1165 2002 veritas
1182 1954 1280 2015 presto
1292 1952 1350 2008 est,
1364 1944 1387 1998 si
1401 1943 1441 1999 illi
1455 1942 1524 2000 edes
1538 1951 1631 1999 nostra
1645 1955 1700 1998 non
1713 1942 1796 1999 desit.

160 2047 264 2110 putare.
284 2038 312 2092 ln
333 2052 386 2106 qua
406 2049 503 2100 eausa,
521 2043 650 2105 quantum
664 2048 715 2104 ego
733 2032 951 2099 contemplationi
1002 2036 1307 2096 llndcmuuilestissime
1319 2037 1431 2105 potestis
1444 2034 1587 2091 adsertore
1598 2034 1798 2092 absolutionem

158 2130 257 2196 vestri,
274 2136 302 2183 ut
316 2127 439 2182 homines
452 2126 555 2191 uestri,
570 2133 617 2180 aut
638 2126 788 2181 acestodia
804 2126 952 2182 liberarcn·
1002 2129 1162 2184 miserorum
1172 2136 1323 2184 uestrorum
1334 2125 1595 2195 esseindulpentism
1607 2133 1798 2194 moestorunu

159 2230 214 2289 tur,
228 2230 274 2275 sut
286 2232 383 2289 porcos
396 2228 500 2273 vestros
511 2217 673 2287 reciperent,
684 2216 874 2286 laboraverim,
886 2216 952 2285 ipsis
1002 2228 1029 2276 et
1044 2221 1096 2276 ime
1110 2219 1209 2276 restris
1223 2218 1416 2276 conterendum
1430 2217 1566 2288 precibus,
1579 2217 1651 2287 quod
1665 2230 1714 2272 ros
1728 2231 1799 2287 prae·

158 2311 213 2383 lam
228 2309 425 2376 referentibus,
441 2308 545 2379 plenius
560 2308 684 2379 potuistis
701 2321 865 2379 agnoscere;
879 2307 951 2378 quod
1002 2313 1079 2368 statis
1091 2312 1204 2378 alienis,
1215 2312 1291 2379 iusta
1305 2311 1389 2381 ipsius
1408 2311 1435 2365 in
1454 2309 1598 2379 Evangelio
1613 2311 1797 2365 mittentium:

159 2409 302 2473 propterea
314 2414 427 2456 necesso
441 2415 496 2455 non
511 2400 561 2455 luit
574 2401 670 2455 litteris
685 2399 813 2455 indicere.
825 2399 951 2455 Vestrum
1003 2401 1166 2473 Qucjudicio
1181 2401 1371 2468 iudicaveritis,
1380 2400 1541 2472 judicabitur
1553 2403 1587 2455 de
1599 2399 1668 2455 ociis
1683 2398 1796 2471 (liutei.

157 2504 201 2550 est
221 2492 358 2548 bominem
374 2506 467 2547 acrum
482 2490 555 2560 juste
575 2490 609 2545 ab
628 2487 708 2560 buius
723 2491 863 2547 calumnias
877 2490 952 2559 obje·
1002 2509 1049 2561 an,
1062 2494 1104 2564 i).
1118 2493 1243 2564 idemque
1256 2508 1304 2563 pro
1319 2493 1387 2548 Urso
1399 2491 1524 2561 etLupo,
1538 2490 1583 2562 qui
1593 2490 1627 2546 ad
1644 2505 1703 2555 me,
1719 2492 1798 2561 qussi

159 2585 250 2642 ctione
263 2581 420 2648 detentere,
432 2596 484 2652 qua
495 2595 584 2636 mcum
597 2581 696 2649 iniuste
706 2581 814 2651 scriptis
830 2582 951 2652 opttosci·
1002 2585 1078 2641 robis
1100 2585 1274 2654 peculiarius,
1293 2583 1362 2639 sicut
1374 2583 1500 2651 superius
1511 2581 1584 2646 disi,
1597 2581 1717 2637 caritatis
1734 2582 1798 2651 iure

159 2675 194 2731 tis
206 2675 349 2732 sustinere.
731 2662 736 2669 ’
1001 2677 1171 2741 devinctum,
1193 2691 1241 2746 pro
1255 2676 1398 2730 criminum
1413 2689 1523 2730 suorum
1539 2673 1733 2733 intermissione
1746 2688 1797 2729 rc·

471 2760 578 2818 attat.
598 2761 642 2817 tt.
1002 2777 1113 2831 nerunt,
1136 2775 1261 2836 precator
1280 2764 1397 2830 accedo:
1421 2777 1450 2819 ut
1473 2765 1589 2835 primum
1611 2764 1681 2831 beo,
1696 2765 1797 2821 deinde

253 2855 375 2914 Ruricius
387 2856 520 2928 episcopus
533 2854 666 2923 Stephano
679 2872 726 2910 suo
737 2853 855 2910 sulutem.
1002 2858 1080 2914 nisibis
1093 2858 1155 2923 ltoc,
1171 2857 1241 2926 quod
1256 2857 1468 2919 commiserunt,
1482 2855 1584 2911 dottaro
1597 2855 1732 2926 digneris;
1746 2869 1797 2911 uec

194 2946 233 3005 lta
248 2962 291 3003 mc
305 2945 476 3018 paucissimis
490 2945 585 3000 diebus
604 2946 636 3000 ad
651 2949 753 3001 cultum
774 2960 851 3001 suum
867 2946 952 3016 pietas
1003 2948 1098 3004 noede
1111 2963 1205 3005 cocunt
1216 2946 1390 3002 damnatione
1401 2945 1616 3015 contundimus
1629 2945 1725 3014 sejam
1738 2952 1796 2998 tunt

160 3047 256 3095 scstrae
271 3038 420 3093 sanctitatis
432 3035 534 3103 illexit,
549 3045 580 3091 ut
591 3051 652 3091 cum
670 3052 735 3103 ros,
751 3037 806 3093 lieo
820 3039 951 3108 propitio,
1001 3041 1140 3096 absolutos
1150 3055 1222 3106 esse,
1234 3039 1342 3108 qnando
1353 3038 1385 3094 ad
1399 3038 1576 3093 hostilitatem
1588 3051 1677 3092 meant
1687 3036 1796 3092 deducti

157 3129 242 3186 corde
263 3131 418 3196 detineam,
443 3139 470 3184 et
493 3129 579 3185 oculis
602 3130 700 3185 utentis
720 3130 840 3198 intuear;
863 3139 951 3186 umen
966 3126 989 3190 C
1004 3143 1076 3201 sunt,
1089 3134 1270 3190 crediderunt.

161 3235 267 3291 semper
288 3219 385 3276 allecto
409 3220 553 3290 instigante
576 3223 741 3291 perquirant.
762 3221 830 3288 Quia
849 3221 955 3276 scilicet
1301 3247 1408 3305 Eppgf.
1429 3247 1494 3304 Lm·

163 3314 245 3368 luere
262 3310 368 3367 ridetur
390 3325 470 3366 omne
490 3309 561 3380 quod
580 3310 658 3366 dulce
671 3320 728 3378 cst;
744 3312 779 3366 ita
793 3311 953 3383 inexplebile

160 3413 204 3459 est
220 3417 319 3465 omne,
334 3401 405 3471 quod
425 3415 508 3457 carne
526 3399 636 3475 [comm]
656 3411 707 3457 est.
722 3402 756 3457 Ει
776 3402 953 3473 omnipotenti

163 3495 218 3549 lieo
228 3493 329 3564 gratias
339 3508 420 3563 super
434 3500 488 3547 ιιιιι
505 3492 654 3547 admirabili
665 3491 738 3548 dono
750 3494 819 3564 ejus,
833 3493 904 3564 quod
916 3495 952 3550 ita

161 3583 323 3652 generaliter
342 3585 429 3640 seruis
450 3584 507 3639 suis
528 3582 647 3640 tribuere
665 3584 792 3640 ineffabili
814 3585 954 3654 dispensa·

105 3696 108 3701 ⁴
161 3679 235 3730 tione
248 3675 373 3744 digitatus
391 3685 448 3743 est,
465 3682 495 3730 ul
513 3674 540 3729 lti
560 3675 606 3746 qui
626 3674 798 3747 disparantur
819 3691 952 3749 corpore,

161 3766 259 3823 animis
271 3766 464 3836 insuperantum
479 3780 566 3835 neque
581 3777 655 3822 esset
668 3766 766 3837 aliquid
783 3778 835 3822 tum
849 3768 954 3839 longin-

161 3868 245 3926 quuut
259 3852 368 3909 diliciis
381 3853 452 3924 qnod
466 3855 597 3910 mentium
609 3855 746 3912 obtutibus
759 3857 883 3913 obviarit.
898 3859 952 3915 Sed

161 3960 211 4018 per
223 3945 313 4002 cordis
324 3946 447 4002 intuitum
461 3945 498 4001 lbi
510 3962 540 4004 sc
552 3947 665 4003 inuicem
679 3948 820 4021 diligentes
834 3951 953 4007 caritatis

161 4037 389 4107 contemplatione
410 4038 614 4108 conspicerent,
634 4040 679 4095 ubi
698 4043 797 4097 caritas
810 4041 870 4112 ipss
887 4055 953 4097 con·

161 4130 243 4188 sistit.
255 4129 315 4198 Quo
324 4130 354 4185 iit
367 4136 397 4186 ut
411 4131 546 4187 devinctio
559 4141 663 4196 uestra,
681 4147 742 4202 quac
760 4132 787 4187 ln
802 4132 953 4190 uisceribus

162 4221 231 4277 mels
242 4220 298 4291 iugi
313 4220 511 4283 recordatione,
526 4223 589 4275 dum
602 4211 721 4291 quodue
735 4230 891 4288 renouatur,
906 4238 954 4278 au·

161 4321 249 4383 uetur,
264 4315 364 4367 amoris
376 4312 457 4368 nestri
473 4310 540 4366 milti
550 4310 762 4369 dciutmdinem
772 4315 951 4384 repromittat,

161 4405 266 4458 animus
286 4415 364 4459 meus
378 4402 445 4458 milti
468 4401 617 4458 animorum
637 4411 791 4459 vestrorum
811 4402 953 4476 fidejussor
1299 4388 1408 4446 EPffiT·
1429 4387 1486 4447 ΙΝ

161 4496 286 4559 assistat,
302 4496 365 4551 dum
380 4505 483 4552 tantona
496 4495 547 4552 sibi
561 4496 641 4553 audet
658 4496 692 4553 de
705 4508 794 4554 restra
807 4497 951 4555 dilectione
965 4489 991 4550 1)
1115 4481 1236 4537 filistim
1250 4483 1398 4553 Avillii&
1414 4481 1557 4552 ⁰0i5⁸⁶⁰i⁰
1566 4480 1684 4535 ”illm

162 4598 340 4656 praesumere,
355 4597 483 4656 quantum
505 4588 581 4644 robis
597 4588 763 4659 concupiscit
784 4589 948 4661 impendere.
1037 4594 1114 4652 sicut
1126 4593 1230 4651 litteras
1242 4592 1392 4649 sanctitatis
1405 4600 1503 4650 vestre
1516 4606 1564 4662 per
1577 4591 1664 4646 rirnut
1678 4604 1797 4647 reuers-

161 4676 281 4731 sillloeffl
297 4676 386 4745 itaque
398 4675 554 4733 biifflllffilll
568 4689 664 4734 '0⁸²¹ae
678 4679 819 4749 illilffllm
833 4680 908 4746 ⁶3⁶⁰·
923 4689 951 4736 ⁰2
1003 4685 1085 4742 bilem
1099 4686 1220 4756 Elossinm
1234 4700 1296 4741 cum
1309 4683 1487 4756 gratulatione
1495 4683 1611 4751 suscepi,
1625 4681 1662 4738 ita
1674 4684 1734 4749 ltas,
1745 4698 1798 4740 eo·

161 4778 243 4835 rogo,
259 4767 426 4821 incessanter
439 4767 575 4821 communi
598 4766 712 4824 llomino
729 4769 902 4840 supplicetis,
922 4779 952 4825 ut
1002 4777 1064 4835 dem
1085 4776 1227 4841 redeunte,
1252 4776 1368 4832 libenter
1394 4775 1481 4833 emisi.
1505 4773 1609 4843 Quibus
1631 4773 1798 4845 sessulam

160 4855 310 4912 secondum
328 4856 436 4913 diuitias
455 4857 580 4913 bonitatis
597 4874 654 4917 suas
672 4869 753 4932 atque
766 4864 889 4928 uirtutis,
907 4863 952 4918 cui
1002 4876 1093 4924 restro
1102 4867 1222 4925 debitum
1234 4866 1395 4937 deponendo
1407 4864 1545 4941 [dependo]
1555 4865 1741 4937 sospitationis
1751 4867 1800 4923 ol·

160 4947 252 5004 omnia
269 4947 407 5018 possibilia
422 4951 593 5018 conlitemur,
605 4960 634 5007 ut
647 4953 670 5008 si
684 4953 711 5008 in
726 4953 777 5011 ltoc
788 4955 886 5011 seculo
901 4969 950 5010 nos
1005 4959 1105 5025 licium,
1118 4959 1251 5029 simulque
1270 4959 1388 5028 deposco
1409 4969 1438 5016 ut
1450 4959 1589 5030 pronubis
1604 4973 1684 5015 orate
1697 4958 1798 5029 (lienc-

162 5049 272 5108 propter
286 5039 348 5094 rite
363 5041 440 5097 istius
452 5040 608 5099 turbedines
618 5058 651 5100 ac
666 5045 808 5117 procellas,
821 5055 849 5102 et
863 5047 951 5117 regio-
1003 5051 1079 5117 mini,
1096 5060 1124 5107 et
1135 5051 1161 5106 ld
1172 5066 1186 5105 a
1199 5054 1335 5106 communi
1348 5051 1462 5108 llomltm
1471 5051 1634 5122 peculiarius
1645 5051 1798 5120 postulare,

160 5145 225 5186 num
245 5131 385 5187 intervalla
400 5134 499 5204 sapius
511 5134 603 5192 ridere
617 5149 670 5192 uon
684 5151 842 5208 possumus,
861 5137 903 5195 rel
916 5134 951 5192 ad
1004 5148 1034 5196 ut
1047 5140 1103 5211 jam
1117 5140 1224 5198 tandem
1239 5141 1385 5212 aliqnando
1398 5143 1425 5197 in
1439 5157 1521 5198 unum
1534 5140 1638 5209 uenire,
1654 5149 1684 5197 et
1694 5155 1746 5197 nos
1756 5142 1799 5196 ri·

161 5221 235 5279 illata
257 5223 351 5279 urbem
366 5237 427 5294 que
440 5224 588 5302 aedificatur
604 5235 635 5284 ιιι
650 5229 748 5286 ciuitas
767 5228 853 5303 (Paci.
867 5244 950 5296 cust,
1003 5230 1069 5287 ders
1092 5245 1257 5299 mereamnr;
1274 5241 1303 5288 ut
1320 5231 1435 5300 caritas,
1450 5247 1511 5303 qum
1523 5229 1671 5289 secuudum
1683 5239 1800 5288 smmu-

161 5311 201 5382 bl,
216 5313 296 5370 iaciat
309 5315 474 5385 conventre,
488 5316 615 5388 adquam
629 5333 680 5376 nos
698 5321 880 5379 misericordia
896 5318 950 5378 llo·
1002 5321 1240 5396 tiamdoruinicam
1254 5325 1281 5380 iu
1297 5323 1450 5395 pectoribus
1468 5324 1569 5381 nostris
1582 5323 1800 5395 perabscntists

162 5405 229 5462 mist
243 5407 482 5480 poteritpcrierre,
494 5422 543 5466 ros
556 5411 660 5469 merita.
1001 5415 1072 5487 quod
1093 5415 1165 5487 poris
1186 5426 1227 5474 est
1254 5415 1336 5490 [iuste
1357 5417 1427 5488 teupi
1451 5413 1596 5488 tmmmisl,
1621 5411 1730 5472 reiriait
1750 5429 1804 5487 per
1831 5423 1835 5430 ’

1087 3337 1209 3394 Ruricius
1226 3341 1362 3410 episcopus
1378 3338 1508 3395 lltsaticob
1520 3340 1576 3411 filio
1588 3339 1705 3394 miurus

1040 3451 1126 3508 Extra
1138 3453 1263 3509 affectum
1279 3451 1546 3509 consuetudinarium
1562 3460 1590 3508 et
1602 3451 1746 3522 probatum
1768 3459 1798 3507 ct

1006 3542 1199 3598 humanitatem
1221 3543 1300 3599 nobis
1314 3543 1433 3614 digitarie
1446 3541 1613 3613 impendere,
1624 3542 1689 3598 dom
1702 3542 1797 3599 usibus

1004 3635 1058 3690 tuis
1081 3635 1211 3702 detrahis,
1232 3635 1305 3707 quod
1319 3636 1419 3691 nostris
1434 3635 1556 3708 largiaris
1573 3635 1712 3707 expertein.
1727 3634 1796 3704 Quia

1004 3743 1088 3798 puero
1108 3741 1199 3785 vestro
1213 3728 1348 3785 referente
1360 3728 1483 3799 cognovi,
1499 3726 1571 3799 quod
1592 3726 1750 3798 piscationis
1767 3728 1796 3782 in

1003 3821 1108 3875 dscera
1123 3833 1170 3889 pro
1185 3829 1260 3889 parte
1270 3818 1364 3874 Visera
1384 3817 1461 3874 nobis
1472 3818 1594 3890 jusseras
1615 3816 1726 3874 delicias
1744 3818 1797 3874 mi·

1003 3912 1129 3967 nistrare.
1137 3909 1215 3967 llnde
1225 3909 1387 3966 salutatione
1399 3910 1527 3980 depensa,
1538 3908 1700 3980 gratianum
1713 3908 1798 3979 pluri·

1003 4015 1072 4067 mas,
1086 4015 1203 4056 exorans
1217 3999 1335 4057 divinam
1355 3999 1567 4057 misericordiam
1581 4009 1611 4055 ot
1623 4014 1680 4072 pro⁴
1691 3997 1798 4055 bonore

1003 4109 1083 4165 quem
1098 4094 1176 4149 nobis
1189 4107 1238 4164 pro
1247 4092 1332 4164 ipsios
1346 4093 1443 4151 timore
1453 4092 1616 4163 dependitis,
1631 4100 1661 4149 et
1673 4105 1798 4162 praesen·

1002 4188 1068 4243 tium
1083 4201 1172 4242 rernm
1188 4186 1265 4242 nobis
1280 4185 1403 4244 cottierat
1420 4186 1592 4264 felicitatem,
1609 4194 1637 4245 et
1647 4184 1796 4244 mausuet-

1002 4291 1064 4335 nem
1079 4278 1180 4334 tribuat
1193 4275 1353 4333 luturorum.
1367 4276 1449 4333 Finit.

198 5607 477 5720 :lucuscomtptus
546 5681 551 5691 ¹
905 5634 909 5641 ¹
1052 5617 1150 5676 ‘lleeo
1164 5617 1286 5689 superius
1304 5619 1336 5675 ul
1350 5620 1487 5692 epictii.

227 5679 264 5736 lle
276 5693 309 5734 co
323 5693 447 5751 superma
460 5680 492 5737 ad
510 5688 589 5752 eptat.
604 5678 648 5739 li.
671 5720 675 5725 .
