3788 6120
133 285 168 343 il
806 274 932 336 nultlctt
950 269 1104 333 eettotlet
1739 265 1776 325 'tt

132 417 212 474 quera
224 405 396 455 obstruxerat
409 394 554 467 imperitia,
569 391 696 465 pateieeit
711 390 822 449 allectus
834 400 862 449 et
881 392 925 447 ills
940 395 966 455 Α
1290 387 1399 446 tuse.
1419 387 1464 444 lv.

133 493 296 550 dominatrix
315 490 435 544 otnuinm
454 488 553 558 pictas,
571 501 618 556 per
631 500 711 556 quatu
729 485 873 541 flectuntur
887 483 927 539 ri·
1015 481 1209 542 Detinetisrinto
1222 481 1278 554 pilio
1294 497 1443 566 semperque
1459 477 1596 552 mupniliso
1611 475 1739 547 Hesperio

132 587 204 657 pido,
221 598 300 639 saxea
320 581 488 647 molliuntur,
511 577 640 634 sedantur
656 577 771 645 tumida,
791 576 928 633 leniuntur
1310 553 1443 608 nummi·

133 689 240 746 aspera,
262 681 415 729 tumescunt
437 671 518 736 lenia,
542 673 687 727 mitescunt
709 684 791 735 stra,
815 669 929 724 saeviunt
1013 668 1113 741 liccepi
1128 666 1413 739 apicesatnanimitatis
1437 673 1500 732 tum,
1520 672 1573 720 taur
1587 663 1673 735 gratia
1694 678 1776 733 qnam

134 766 224 832 mitia,
249 765 431 820 aecetnluutur
446 762 562 835 placida,
585 775 718 819 neutrutur
732 762 929 826 brttta,domi·
978 760 1148 834 eloquentia;
1173 768 1226 815 mm
1251 773 1343 815 aratore
1368 759 1469 827 pariter
1492 771 1571 826 qnam
1586 754 1694 823 lepere;
1721 765 1776 810 tatu

134 871 232 915 uantur
246 857 376 924 barbara,
402 857 527 911 immania
554 856 701 925 placantur.
728 854 814 909 Etiam
834 858 861 908 in
885 868 929 910 me
979 855 1127 927 saleqnam
1143 851 1223 908 melle
1244 865 1390 920 respersas.
1407 849 1435 904 ln
1458 849 1555 920 quibus
1576 862 1625 904 nee
1639 848 1776 904 dulcedini

133 965 288 1023 opussnum
305 964 444 1019 peragens.
457 963 488 1004 os
498 948 604 1018 elingue
619 947 760 1011 reserarit,
778 946 929 1015 producens
979 946 1088 1003 deesset
1101 944 1213 1015 aliquid,
1236 957 1285 998 nec
1297 940 1396 1011 sapori.
1409 940 1461 1008 Qui
1481 956 1542 995 euna
1564 939 1638 995 omni
1651 939 1778 996 dictionis

135 1057 221 1099 tneer
234 1042 369 1106 tutissimo
385 1038 484 1094 silentii
499 1053 606 1094 recessu
624 1037 656 1093 ad
676 1037 811 1106 publicum
835 1035 929 1090 lormi·
979 1049 1008 1095 et
1022 1037 1133 1093 rationis
1147 1046 1206 1091 arte
1217 1033 1419 1106 praeemineant,
1434 1035 1493 1089 solo
1508 1044 1597 1089 temen
1609 1047 1624 1087 n
1634 1048 1664 1089 se
1674 1033 1778 1089 disere-

135 1135 307 1203 dandumque
319 1131 450 1202 judicium
466 1140 493 1185 ct
515 1129 637 1184 luntario
651 1129 733 1184 nestri
751 1142 820 1183 unua
839 1125 930 1182 subire
981 1143 1046 1199 pare
1056 1129 1181 1183 ridentur
1193 1125 1304 1196 judicio.
1315 1125 1384 1179 bum
1394 1125 1466 1180 enim
1484 1124 1615 1194 paginale
1630 1139 1710 1195 ttteae,
1722 1140 1777 1180 non

134 1227 281 1296 compellit.
298 1224 416 1289 Scilicet,
432 1234 460 1277 ut
471 1222 514 1292 qni
528 1220 658 1276 hactenns
677 1220 749 1275 illaut
767 1219 928 1276 sententiam

135 1328 245 1375 secutus
267 1319 415 1386 antiquum,
437 1330 490 1381 qua
513 1312 611 1368 dieitur
629 1329 636 1366 r
655 1313 848 1383 Supenumero
862 1327 932 1383 prm·

137 1419 210 1466 stare
223 1418 329 1475 meere,
348 1421 427 1477 quam
445 1405 554 1488 dicere3
578 1403 746 1460 inscientiam
767 1416 853 1457 tueam
874 1415 931 1456 ma·

136 1499 231 1556 luerim
246 1498 412 1555 uerecundiae
424 1496 604 1551 taciturnitate
625 1495 730 1568 legere,
747 1510 826 1567 qoam
845 1496 932 1562 impu·

137 1593 235 1648 deuter
245 1590 383 1647 incondito
394 1602 518 1644 sermone
533 1586 666 1658 prolerre,
682 1602 737 1643 nun
751 1596 805 1642 tam
819 1600 932 1642 consue·

138 1682 240 1751 tudinis
265 1695 332 1737 mese
358 1680 510 1746 immemor,
537 1693 617 1748 quant
642 1678 800 1734 rusticitatis
820 1677 931 1745 oblitus,

982 1219 1053 1275 laudi
1067 1229 1147 1290 apte,
1171 1218 1220 1274 sed
1234 1218 1423 1288 vituperationi
1443 1217 1542 1287 ineptia
1558 1217 1715 1273 rusticitatis
1728 1232 1777 1286 ap·

982 1321 1055 1380 tatte,
1076 1313 1180 1382 tttajora
1205 1311 1308 1366 meritis
1324 1309 1441 1364 tribuere
1464 1310 1583 1377 lestines,
1606 1318 1634 1364 et
1655 1310 1778 1379 sequeris

982 1405 1027 1460 sel
1038 1402 1242 1459 declamationis
1256 1416 1375 1464 cursum,
1401 1401 1444 1456 nel
1455 1400 1592 1470 diligentis
1604 1399 1748 1468 allectum
1762 1416 1778 1456 s

983 1509 1077 1551 uortna
1089 1494 1154 1550 recti
1168 1494 1260 1564 judicii
1274 1494 1424 1549 declinasti.
1437 1492 1477 1549 nd
1491 1508 1571 1564 quatu
1587 1508 1643 1549 rent
1654 1509 1705 1564 ego
1715 1509 1778 1563 per·

983 1588 1126 1644 lectionem
1141 1603 1194 1643 non
1209 1588 1366 1659 ignorantiae
1381 1586 1456 1656 titio,
1479 1586 1526 1643 sed
1542 1597 1691 1659 spontaneo
1706 1590 1779 1643 arbi·

984 1690 1042 1737 tror
1058 1679 1232 1736 descendisse
1250 1679 1374 1745 oonsilio,
1403 1678 1500 1750 triplici
1527 1694 1562 1735 ert
1585 1695 1666 1735 cansa
1682 1697 1689 1734 :
1705 1689 1735 1735 nt
1751 1681 1778 1736 in

136 1778 212 1848 quasi
225 1791 259 1832 es
275 1775 374 1830 Arione
389 1774 416 1827 in
428 1772 562 1841 Orpheum
579 1779 690 1839 repente
703 1778 833 1836 mutatus,
848 1769 929 1826 relitn
946 1773 1056 1834 Blenni
1069 1772 1181 1830 materia
1201 1779 1229 1828 et
1243 1787 1354 1828 acumen
1370 1771 1480 1841 ingenii,
1504 1781 1530 1828 et
1545 1773 1601 1828 oris
1613 1772 1778 1841 laenrrdlaus,

136 1867 321 1927 disertissimis
335 1865 446 1922 auribus
464 1864 518 1920 tuis
541 1879 589 1920 ore
607 1862 716 1935 garrttlo
732 1876 788 1918 uon
805 1877 858 1919 tatu
872 1860 932 1918 niti·

136 1961 226 2029 eiosrn
238 1974 318 2030 quam
333 1956 478 2027 injuriosus
490 1955 616 2013 existere.
641 1954 711 2010 llum
725 1964 753 2010 et
766 1954 856 2025 igrtota
872 1969 932 2024 per·

135 2061 224 2119 tento,
246 2060 273 2106 et
299 2051 403 2105 insueta
427 2062 572 2119 presumo.
596 2046 649 2104 Sed
671 2045 778 2112 dabitis,
804 2056 835 2102 ut
860 2059 932 2111 reor,

134 2136 244 2200 reniam
258 2141 375 2197 sentienti
390 2155 423 2195 ex
443 2138 642 2194 necessitudine
659 2136 819 2194 necessarie
840 2152 934 2193 neees-

136 2234 236 2303 sitatis.
264 2233 331 2300 Quia
357 2230 429 2303 quud
453 2230 565 2287 dilectio
584 2232 610 2284 in
631 2230 785 2285 mortalium
801 2229 934 2286 mentibus

984 1872 1013 1920 et
1021 1863 1184 1920 affluentiam
1199 1865 1333 1921 sermonis
1346 1865 1514 1920 ostenderes.
1538 1865 1622 1921 Sicuti
1645 1866 1673 1921 iu
1687 1868 1780 1936 jejune

984 1965 1064 2027 atque
1078 1956 1167 2011 otioso
1187 1954 1288 2024 cespite
1302 1956 1387 2026 magis
1409 1956 1554 2012 strenuitas
1573 1957 1684 2013 eniteris
1699 1973 1781 2027 uppa-

984 2054 1038 2114 ret,
1046 2062 1107 2103 cum
1120 2054 1168 2101 attt
1182 2046 1356 2102 rebellionem
1368 2046 1507 2116 qleuarnm
1520 2047 1651 2103 tenacium
1665 2050 1780 2119 repetita

984 2137 1084 2208 sepius
1106 2137 1282 2209 impressione
1296 2138 1413 2195 vomeris
1436 2137 1538 2206 domat,
1561 2151 1608 2195 aut
1626 2139 1779 2195 ariditatem

985 2230 1094 2286 nimiam
1119 2232 1246 2287 stercoris
1259 2231 1415 2301 aspersione
1436 2229 1573 2297 lecundat,
1600 2239 1630 2287 ut
1643 2231 1780 2288 lructunru

136 2321 253 2381 naturali
280 2331 415 2392 potestate
438 2319 489 2375 sibi
519 2318 646 2385 tindieet,
673 2319 812 2375 conscium
835 2328 935 2374 mittue
986 2322 1366 2394 copiamqnamsnliuatura
1382 2322 1618 2394 neqssstndnstrta
1634 2324 1780 2395 prndtteat;

138 2412 519 2484 pessinnlspectnsagnoseit.
534 2411 605 2480 Ergo
621 2408 936 2471 ressensationidintlus
987 2414 1024 2470 ita
1047 2423 1076 2471 et
1096 2424 1123 2469 ιι
1137 2421 1282 2485 egestatem
1310 2415 1431 2484 epistolae
1453 2431 1520 2472 mea
1542 2417 1705 2483 eloquentie
1729 2428 1784 2472 ιιι

140 2507 326 2573 immorantes,
345 2504 382 2559 ita
397 2505 519 2575 paginam
539 2503 691 2568 dilatemus,
719 2512 750 2560 ut
772 2518 827 2559 non
848 2504 935 2559 solum
987 2506 1110 2564 ubertate
1129 2507 1230 2574 ditasti,
1246 2515 1276 2562 ut
1291 2507 1374 2577 possit
1389 2522 1461 2574 esse,
1476 2507 1497 2562 sl
1512 2522 1571 2564 eam
1586 2509 1782 2577 strperesseris,

139 2599 187 2655 tibi
206 2613 259 2653 non
274 2597 401 2654 erltibeat
427 2611 518 2652 sermo
539 2595 711 2666 ineotrtptior,
738 2610 832 2650 uerum
855 2595 936 2651 etlam
987 2606 1014 2654 te
1028 2599 1164 2669 loquente,
1188 2598 1346 2666 landabilis;
1371 2599 1393 2655 si
1415 2616 1478 2654 reru
1495 2598 1647 2669 protuleris,
1671 2600 1784 2656 incutiat

139 2689 215 2761 eopia
240 2688 393 2745 inordinata
420 2687 578 2756 lastidiotn;
603 2686 658 2758 jana
683 2687 710 2742 in
725 2701 819 2744 rocem
831 2688 938 2758 pietatis
987 2700 1015 2747 et
1031 2691 1094 2746 milti
1106 2690 1139 2746 de
1152 2690 1216 2747 laisa
1231 2689 1321 2759 lande,
1341 2699 1368 2745 et
1381 2690 1429 2747 tibi
1446 2691 1481 2747 tle
1492 2690 1587 2760 judieii
1603 2704 1695 2747 errore
1706 2705 1785 2747 tete-

139 2782 316 2853 etttmpimus,
340 2788 368 2836 et
384 2779 580 2836 desideriorum
596 2779 676 2835 rerba
691 2788 839 2848 ructamus,
863 2794 938 2837 eom·
988 2783 1123 2840 cundiam.
1149 2783 1183 2837 Et
1197 2782 1306 2850 idcirco,
1328 2783 1388 2853 quia
1403 2782 1564 2853 imperitiam
1578 2797 1665 2837 meam
1680 2781 1718 2837 tui
1732 2797 1784 2851 pu·

113 2938 116 2945 ,
139 2873 299 2931 mutantes
324 2870 372 2927 tibi
397 2871 495 2941 pignos
510 2877 648 2935 nostrum.
671 2868 823 2939 depositum
849 2879 935 2938 tuum,
988 2877 1140 2946 dorisepus
1152 2876 1342 2941 essernloisti,
1357 2891 1477 2943 careae,
1493 2876 1628 2947 preconio
1642 2886 1689 2931 tuo
1704 2876 1784 2932 nobis

140 2962 217 3035 cuins
231 2977 280 3018 nos
293 2963 465 3031 susceptione
479 2961 585 3031 cepisti.
601 2960 660 3016 Tibi
671 2962 744 3017 euim
758 2976 833 3028 spem
848 2973 940 3031 poste·
990 2982 1042 3022 nun
1055 2967 1290 3036 respondentibus,
1307 2974 1351 3021 tua
1367 2967 1534 3035 periclitetur
1548 2966 1655 3022 electio.
1679 2964 1784 3036 inque,

140 3053 331 3126 eneruem
357 3050 632 3107 sustentandum
647 3052 803 3121 penurie,
823 3060 851 3107 et
866 3051 939 3106 leta·
989 3058 1087 3127 uqut
1102 3057 1166 3112 ιιιι
1181 3059 1280 3124 cetis,
1305 3057 1329 3115 u
1354 3058 1416 3129 qur
1433 3058 1539 3127 uritque
1554 3057 1686 3125 enitente,
1714 3056 1786 3112 tutt-

140 3157 214 3210 men,
228 3143 251 3200 tl
264 3141 390 3198 divinitis
412 3143 548 3209 annuerit,
565 3141 677 3206 fulutael
705 3141 753 3198 tibi
779 3143 825 3198 ussi
845 3139 972 3204 omnitc
988 3164 1068 3221 gnum
1083 3165 1223 3219 memora,
1239 3151 1375 3208 obliuione
1388 3150 1574 3222 diguisituunt
1587 3153 1710 3207 ro'umen
1721 3151 1785 3206 abs·

141 3249 200 3291 mea
222 3244 283 3289 rata
307 3232 443 3290 commisi.
468 3232 508 3289 'le
527 3241 540 3271 ι
561 3232 712 3289 elicitorem
723 3242 751 3290 et
763 3232 937 3290 lormaturem
989 3243 1092 3311 conde,
1115 3244 1138 3299 si
1160 3245 1200 3300 vis
1223 3256 1250 3300 et
1264 3260 1307 3302 me
1326 3245 1359 3299 ad
1374 3245 1513 3300 arbitrium
1530 3254 1603 3301 tuum
1616 3246 1785 3302 oraturisla·

141 3325 294 3399 lapittoruu
311 3325 454 3392 nobilium,
469 3332 498 3380 et
510 3325 666 3380 rimatorem
679 3325 756 3392 aori,
776 3334 803 3380 te
815 3335 939 3396 reperto-
990 3349 1062 3390 matu
1074 3344 1103 3391 et
1115 3344 1141 3391 te
1155 3336 1366 3408 probatiiudicis
1381 3337 1504 3395 obtinere
1516 3354 1669 3410 personatu.

141 3435 201 3477 rem
215 3432 292 3490 aqum
307 3418 416 3474 latentis
428 3418 495 3488 elegi
507 3457 515 3483 ,
528 3419 572 3488 qui
593 3418 671 3474 sciris
691 3419 831 3475 abstrusas
844 3419 939 3490 lapidi-

141 3509 193 3601 Μ
205 3524 324 3579 8⁰¹⁸¹¹¹³²⁴
338 3510 454 3580 ΡΓΟΡΓῙῖθ
469 3508 584 3564 rediise
596 3524 656 3578 ben*
666 3511 786 3577 ¹⁰⁵i¹²¹ii
812 3526 873 3580 (lum
886 3513 939 3566 ¹¹²3·
1027 3527 1222 3584 Desinetiasinto
1237 3529 1291 3600 piis
1306 3547 1454 3601 semperque
1469 3533 1608 3606 moustifiso
1624 3531 1750 3605 llcspert'o

142 3618 194 3675 qne
205 3605 231 3658 ln
245 3610 316 3657 tama
325 3617 377 3657 rer·
390 3617 415 3657 m
427 3602 585 3657 contusione
596 3602 751 3658 amitterent
761 3603 937 3672 nobilitatem,
1323 3602 1452 3656 linricins.

141 3693 164 3750 si
176 3691 294 3762 jndicem
309 3708 363 3746 nott
379 3694 520 3748 luberent.
541 3693 644 3749 Aurum
660 3708 778 3765 qnoque,
792 3695 883 3750 arenis
897 3694 936 3750 rl·
1025 3691 1225 3762 Spoponderas,
1252 3692 1290 3748 itii
1315 3693 1465 3761 carissime,
1489 3701 1520 3749 ut
1545 3695 1609 3751 milti
1634 3695 1739 3765 aliquos
1752 3699 1787 3757 de

139 3780 213 3838 libus
225 3781 361 3848 snittnut,
389 3782 441 3835 nisi
465 3782 578 3836 artillcis
602 3783 711 3839 solertia
729 3785 833 3840 lavetur
849 3785 937 3855 aquis,
993 3782 1149 3838 munusculo
1162 3798 1242 3853 quem
1257 3798 1289 3837 ert
1312 3785 1489 3841 amaritudine
1510 3786 1536 3841 itt
1552 3785 1728 3845 domesticum
1740 3806 1788 3845 ss·

138 3871 249 3944 Quibus
259 3872 410 3942 eliquetur,
432 3886 483 3927 nec
501 3875 672 3943 splendorem
695 3878 794 3946 poterit
820 3879 939 3934 retinere
991 3886 1084 3942 porem
1096 3870 1251 3929 vertendum
1266 3874 1535 3947 transferendumque
1551 3892 1720 3950 susceperas,
1739 3883 1789 3935 lle·

138 3977 194 4021 neo
205 3963 343 4020 meritum.
355 3964 450 4032 septas
464 3967 547 4019 etiam
562 3980 691 4035 aquarum
708 3969 873 4024 maurentium
890 3983 936 4024 re·
990 3963 1081 4020 tertios
1093 3962 1254 4029 destinares,
1276 3979 1390 4032 querum
1403 3965 1489 4021 odore
1502 3983 1691 4040 eegtsosccretn
1706 3987 1788 4041 quam

139 4071 203 4124 net,
218 4065 247 4114 et
258 4055 404 4112 obductum
421 4065 493 4111 terta
511 4058 604 4112 liuenti
619 4061 741 4125 alnetum,
759 4059 809 4113 uisi
824 4059 938 4130 diligen·
990 4068 1066 4125 spem
1081 4056 1138 4125 spei
1148 4070 1243 4125 gerere
1255 4054 1397 4123 deberem;
1410 4067 1561 4114 utrumnam
1576 4061 1625 4129 ipsi
1637 4061 1718 4118 dores
1728 4078 1789 4133 ger·

142 4147 198 4203 sins
209 4148 395 4205 eruderaverit
415 4147 574 4218 appetitoris
591 4148 742 4212 industria,
766 4147 853 4204 laticis
870 4150 939 4205 unda
992 4147 1074 4212 mina,
1090 4156 1136 4202 ant
1148 4161 1242 4203 rursus
1258 4149 1315 4219 ipsa
1338 4153 1459 4219 genuina
1482 4149 1584 4209 lroetus
1604 4154 1646 4208 sui
1659 4155 1790 4224 qualitate

142 4253 197 4303 non
221 4238 297 4296 tinet.
327 4239 364 4295 lta
384 4249 411 4294 et
427 4249 585 4295 tenerorum
610 4240 698 4295 adbuc
718 4239 792 4296 scies
810 4256 938 4298 sensuum
993 4241 1192 4311 promitterent,
1209 4242 1343 4315 iidemque
1356 4244 1453 4300 iterum
1470 4245 1674 4303 lructnsntrum
1686 4251 1791 4319 possint

143 4330 303 4401 ignorantiae
318 4332 422 4399 nubilo,
436 4332 513 4403 qnasi
527 4333 670 4390 crassitate
689 4334 824 4390 scabrosae
841 4334 940 4405 rnuiqt-
991 4345 1019 4393 te
1032 4348 1200 4409 excoquente
1224 4338 1376 4404 mitescere,
1397 4350 1424 4396 et
1437 4341 1507 4397 dulci
1527 4341 1689 4413 eloquentie
1704 4349 1789 4400 ternu

143 4424 188 4480 nis
201 4424 323 4489 obsessa,
338 4427 389 4482 nisi
402 4427 511 4481 assidua
521 4425 640 4482 doctoris
657 4425 720 4482 lima
734 4434 877 4497 purgetur,
891 4442 939 4482 uc·
990 4427 1157 4487 audientium
1169 4430 1250 4486 corda
1264 4432 1374 4489 satiare.
1388 4433 1465 4501 Quod
1479 4419 1543 4505 quia
1555 4437 1646 4492 neseio
1661 4453 1740 4508 quam
1754 4440 1790 4495 ols

144 4518 204 4587 qsit
216 4530 314 4586 sponte
327 4519 487 4576 clarescere.
504 4518 590 4575 Tuum
604 4533 670 4591 ergo
686 4534 773 4587 nunc,
796 4530 870 4575 tuum
885 4528 937 4591 est,
954 4519 1100 4581 Dcattsam
1115 4523 1204 4579 lacere
1219 4524 1358 4592 distulisti,
1372 4535 1552 4596 opportunum
1564 4542 1613 4583 ros
1627 4529 1790 4587 admonendi

1308 3450 1416 3507 erist.
1438 3451 1470 3507 V.

143 4607 173 4662 ln
194 4607 237 4662 itis
257 4607 383 4663 ortrttibus
402 4617 430 4664 et
452 4611 571 4679 opinioni
594 4620 657 4678 tue,
683 4620 815 4668 etnnstm
840 4614 941 4682 pariter

84 4780 91 4793 .
144 4700 431 4770 responderejudiciu,
448 4716 482 4756 ne
500 4712 548 4757 aut
561 4713 589 4759 tn
611 4704 815 4775 presumpsisse
833 4704 938 4771 illicite,

143 4805 192 4852 ant
204 4811 254 4852 nos
267 4795 466 4852 inconsiderate
481 4795 596 4866 elegisse
610 4797 761 4855 uideamur.

146 5090 263 5165 pellaint
275 5089 410 5160 sidonius,
433 5106 479 5162 ep.
490 5091 508 5146 l.
521 5106 560 5158 tr,
574 5105 617 5161 ep.
633 5090 681 5149 22.
703 5092 743 5150 bd
762 5109 824 5151 eum
840 5095 941 5164 sepios

147 5161 256 5230 scriqnlt
275 5161 409 5231 iittricius,
421 5173 449 5218 nt
464 5171 581 5233 patetet
593 5162 674 5234 epist.
688 5164 716 5232 t,
734 5166 763 5233 l,
781 5165 809 5233 5,
832 5164 884 5235 ipsi
900 5167 941 5222 in·

148 5233 266 5305 seriptis.
288 5233 368 5287 Bran.

185 5313 198 5343 ¹
219 5305 255 5359 lta
273 5318 401 5374 expresse
418 5317 469 5356 mr.
486 5312 584 5359 notato
599 5304 730 5359 vocabulo
746 5314 775 5360 et
790 5319 843 5360 non
858 5305 944 5363 inele-

149 5385 320 5444 qanteseusu
338 5375 372 5428 ab
390 5372 531 5438 eliciendo,
552 5375 623 5428 sicut
639 5374 743 5444 iupiter
764 5381 798 5429 als
812 5375 943 5434 eliciendis

150 5445 305 5500 fulminibus
318 5443 456 5500 dicebatur
471 5439 582 5512 filicitas,
600 5444 677 5499 Oritl.
693 5461 721 5500 ιιι
742 5444 765 5498 F
767 5454 835 5501 cst:

224 5532 340 5590 Eliciunt
352 5535 414 5591 seio
427 5543 461 5603 ts,
476 5531 598 5604 Jupiter:
612 5534 681 5590 nude
693 5536 803 5590 missores

258 5603 336 5658 Nunc
347 5623 445 5678 qnoque
466 5617 490 5663 ts
503 5604 647 5675 celebrent,
663 5605 826 5677 Eliciumque
839 5616 941 5664 nocent.

186 5719 244 5778 tint
257 5719 336 5778 malis
348 5722 454 5791 legere:
472 5722 643 5789 licitatorem,
666 5721 739 5792 quod
757 5735 812 5775 non
825 5719 914 5794 plant
927 5737 935 5787 ;

996 4617 1101 4679 tempus
1125 4607 1226 4676 iuveni,
1254 4624 1308 4680 quo
1331 4610 1359 4665 in
1384 4611 1523 4666 harmonia
1548 4613 1640 4668 mnndi
1664 4616 1791 4673 uniuersa

994 4701 1140 4757 animantia
1161 4701 1237 4757 bruta
1251 4704 1361 4773 pariter,
1381 4715 1409 4759 et
1420 4706 1545 4776 elinguia,
1562 4706 1726 4776 incedentia,
1741 4725 1792 4766 vo-

995 4794 1177 4865 lantia,atque
1192 4796 1374 4864 repulia,suis
1387 4811 1500 4866 quaeque
1515 4799 1610 4862 sinodis,
1621 4800 1678 4854 sois
1692 4800 1791 4869 sibilis,

995 4887 1106 4958 suisque
1119 4903 1232 4958 quaeque
1246 4888 1367 4958 uocibus,
1390 4892 1441 4945 etsi
1456 4904 1524 4946 sotto
1538 4892 1659 4962 dissone
1680 4901 1732 4949 aot
1741 4911 1793 4953 ore

996 5093 1038 5148 rel
1047 5110 1054 5146 ι
1064 5093 1335 5163 elucidatoreut,qued
1347 5096 1449 5151 malim.
1463 5095 1525 5151 line
1540 5097 1792 5167 Caninius-line,

997 5165 1025 5219 ui
1038 5162 1127 5230 lallor,
1139 5163 1282 5219 laudantur
1293 5165 1332 5220 ilii
1346 5180 1440 5221 tersus
1453 5167 1551 5222 ovidii.
1572 5169 1630 5224 Non
1645 5171 1705 5225 ideo
1718 5173 1793 5226 diee-

995 5233 1076 5290 botur
1085 5231 1190 5303 Jupiter
1206 5234 1315 5299 lt'lieins,
1330 5238 1401 5306 qutrd
1413 5238 1521 5292 lnltuinn
1534 5239 1652 5294 vibraret
1664 5252 1692 5296 et
1711 5244 1793 5295 otier-

995 5313 1046 5368 ret,
1065 5305 1112 5360 sed
1128 5305 1198 5374 qnod
1216 5320 1233 5360 e
1251 5306 1320 5361 cmlo
1337 5308 1394 5361 elici
1413 5322 1443 5361 se
1461 5320 1606 5376 pateretur.
1630 5314 1696 5365 Ctttu
1717 5328 1791 5367 entur

995 5375 1101 5445 iupiter
1126 5375 1151 5430 ln
1176 5378 1289 5445 gratiam
1309 5376 1402 5432 Numae
1420 5379 1599 5436 desderands
1625 5381 1697 5438 seire
1726 5396 1794 5451 quo·

996 5446 1078 5501 modo
1091 5443 1192 5501 lnlmeu
1204 5446 1281 5530 piari,
1296 5455 1400 5517 posset,
1418 5463 1434 5503 e
1451 5450 1528 5505 coelis
1551 5451 1578 5506 itt
1599 5462 1685 5506 terr-ns
1704 5464 1793 5506 tranrs-

997 5525 1124 5581 meamet,
1142 5515 1242 5571 Elissae
1255 5517 1405 5574 dicebatur.
1423 5518 1559 5576 Sieetiam
1575 5520 1717 5594 Hesperius
1733 5521 1793 5579 Eli·

993 5591 1060 5641 ιιι
1072 5587 1221 5658 lapillorum
1235 5587 1385 5655 dicebatur,
1396 5592 1468 5661 qnod
1484 5606 1605 5664 gemmas
1622 5607 1639 5649 e
1659 5602 1730 5650 terra
1746 5594 1792 5651 vel

995 5657 1129 5730 lapidibus
1142 5659 1280 5718 edoceret.
1301 5657 1382 5716 Btss.
