3788 6120
121 258 173 312 tta
207 241 215 258 '
746 239 869 296 stuunu
889 234 1115 292 arotetuauts
1702 223 1721 281 s

122 373 175 440 jem
190 366 251 421 atim
264 380 295 420 οι
310 370 400 420 vettius
412 363 440 418 s.
454 359 590 418 Satnmini
606 354 728 416 edicula,
744 354 770 406 iu
785 365 837 425 qna
853 350 907 419 pri-
923 364 945 422 A
960 363 1041 416 porro
1060 343 1235 414 epitaphium,
1249 340 1326 410 crrjus
1348 353 1428 410 supra
1450 339 1636 401 meminimus,
1652 352 1686 390 es
1701 352 1721 388 st

125 472 197 515 struto
210 455 331 511 ctrrtdilus
344 453 439 519 luerat,
457 449 585 506 translata
606 453 827 502 cotrturemorant.
840 443 920 509 liius
962 437 1120 493 tericodice
1135 433 1302 490 iiluttiacensi
1317 431 1504 500 tlcprotnptunr
1518 429 1559 484 sic
1573 430 1678 482 lrabet:
1701 437 1705 445 ’

756 548 964 608 ttt‘ttsrtttbtt
981 547 1117 606 stbbtitt.

237 657 343 713 Sanctis
360 656 512 724 contiguus,
525 667 656 722 meroque
670 649 738 720 patri
1070 641 1187 711 Scripsit
1202 641 1338 715 perpetuis
1354 639 1474 695 babendo
1490 638 1589 695 saeclis.

232 747 304 801 Viuit
322 747 361 800 sie
375 747 479 800 meritis
491 743 667 813 Apollinaris,
1072 732 1106 788 lit
1120 741 1181 799 post
1191 731 1252 785 talia
1266 730 1334 784 dona
1349 729 1506 799 gratiarum,

232 838 355 892 inlustris
367 837 460 899 titulis.
477 844 570 903 potens
583 836 696 895 bonore,
1064 823 1171 884 Summi
1187 821 1321 892 pontilicis
1332 820 1428 875 sedens
1441 821 1612 886 cathedram,

234 931 334 987 Rector
349 929 461 992 suillum,
477 927 582 995 iurique
595 925 689 993 judex.
1072 913 1219 967 llundanos
1233 911 1319 965 suboli
1336 911 1455 965 refundit
1467 920 1555 965 actus.

234 1021 296 1074 llun
306 1020 324 1073 li
335 1019 405 1074 iuter
420 1017 536 1072 tumidas
552 1016 659 1085 quietus
676 1012 771 1074 nodas,
997 997 1001 1005 ’
1071 1002 1191 1072 Quisque
1205 1003 1248 1056 lric
1261 1003 1323 1056 dum
1342 1002 1466 1072 lacrymis
1478 1002 1562 1055 berun
1582 999 1692 1070 rogabi.

235 1113 381 1167 dans-nnn
396 1111 537 1165 moriemur
552 1107 665 1162 errinindr
679 1112 779 1168 mortu,
1074 1093 1201 1146 bostrum
1217 1091 1298 1146 lrrude
1308 1107 1403 1162 preces
1413 1106 1493 1156 super
1508 1091 1676 1160 sepulcrum.

239 1203 322 1272 Leges
335 1199 477 1257 barbarico
490 1199 564 1253 dedit
579 1198 675 1263 turon,
1073 1182 1142 1236 Nulli
1159 1183 1318 1248 incognitus,
1330 1191 1357 1238 et
1369 1183 1498 1253 legendus
1511 1184 1582 1249 orbi,

238 1291 456 1347 ilistorduutibus
468 1290 538 1345 iuter
554 1303 626 1344 artua
642 1302 741 1355 refluis,
1076 1275 1132 1330 illie
1146 1273 1273 1329 Sidonius
1289 1273 1337 1329 tibi
1355 1275 1504 1329 invocetur.

239 1385 335 1440 Pacem
354 1382 466 1438 oonsilio
482 1381 587 1436 redusit
605 1381 705 1448 amplo.
1149 1366 1250 1420 atteri.
1265 1366 1402 1435 septeno.
1416 1365 1524 1419 Zenone
1539 1367 1605 1434 irnp.

239 1475 302 1531 ilaec
316 1476 386 1529 inter
400 1481 488 1529 tamen
501 1481 528 1529 et
546 1468 760 1540 plri'usoplsannln

665 1556 919 1574 Μ*

607 1618 813 1677 resiluerit
831 1615 875 1669 titt
894 1608 1031 1668 studuit)
1050 1608 1287 1663 bitettinum.
1310 1662 1315 1668 .

147 1723 153 1731 ·
217 1749 485 1793 mmmmm
499 1747 657 1789 „mmm
674 1741 836 1785 mmm,
943 1724 1051 1788 bgrata
1065 1716 1210 1780 uolumina,
1230 1724 1258 1770 rt
1271 1731 1344 1772 soom
1358 1717 1497 1773 doctrinae.
1520 1719 1608 1773 llomn
1631 1719 1721 1791 siquid

174 1827 286 1882 Exstant
301 1826 420 1881 Mamerti
437 1824 578 1878 Claudiani
600 1822 635 1877 de
648 1820 731 1876 Statu¹
746 1818 843 1872 animm
866 1814 927 1868 libri
981 1825 1034 1871 tam
1048 1815 1146 1870 divinis
1157 1816 1407 1884 quarnbumanisad
1420 1818 1551 1887 integrum
1565 1815 1687 1874 imbutus
1697 1833 1721 1873 at

140 1927 195 1974 tres
207 1918 240 1971 ad
253 1917 392 1971 Stilonium
416 1913 521 1983 scripti,
548 1912 574 1966 in
589 1910 686 1980 quibus
701 1910 786 1971 illum,
801 1906 871 1960 inter
881 1918 929 1957 cae·
981 1929 1034 1985 qne
1055 1913 1176 1985 ingenio,
1190 1915 1297 1984 scripsit
1311 1915 1343 1968 ad
1362 1915 1483 1971 diuersus
1501 1917 1611 1972 diverso
1626 1929 1715 1975 metro

141 2019 198 2064 leri
223 2007 330 2063 'aldim
345 2007 443 2076 ⁰¹⁰ssiis
460 2002 627 2074 ll⁰¹i⁸⁵i¹¹¹¹¹¹¹¹
650 2002 824 2060 diffisum·
840 1995 929 2050 ‘¹⁰⁰3'
981 2026 1060 2082 prusa
1074 2014 1252 2082 compositum
1268 2013 1372 2084 insigne
1383 2016 1520 2085 uolumen,
1536 2016 1564 2071 iu
1579 2033 1634 2088 quo
1653 2017 1721 2090 quial

142 2097 275 2151 tissimum
301 2097 432 2161 virorum,
451 2108 484 2149 ²⁰
497 2095 596 2148 'elifii
610 2091 770 2161 0¹⁰lll¹0¹¹¹iae
790 2097 929 2152 milium·
983 2109 1081 2165 litteris
1100 2112 1185 2180 possit
1205 2111 1333 2168 ostendit.
1350 2111 1448 2167 Verum
1471 2115 1498 2168 in
1512 2115 1669 2170 Christiane
1683 2118 1721 2187 rip

142 2201 202 2240 rem
217 2186 344 2254 appellnt.
363 2184 489 2252 Epistulas
501 2193 602 2249 autern,
618 2196 696 2253 t1=¹²tt¹
712 2180 785 2248 ⁰W³
802 2180 925 2248 ΜΝ·
981 2211 1088 2282 poliens
1112 2212 1193 2266 etiam
1215 2211 1283 2266 iuter
1307 2211 1427 2267 barbarae
1453 2212 1601 2269 ferocitatis
1627 2215 1721 2271 duritia

145 2277 238 2331 titulus
260 2277 303 2330 bre
322 2285 364 2330 est
379 2292 385 2328 :
404 2275 570 2346 Profecturus
589 2285 698 2346 potstas
712 2273 861 2327 doctissimo
875 2287 930 2326 stro
982 2325 1043 2379 qum
1054 2326 1085 2364 ω
1099 2320 1219 2380 tempore
1234 2308 1326 2366 Ganos
1340 2316 1680 2381 oppressem’mhunm
1694 2331 1721 2386 m

147 2380 200 2423 eto
219 2367 318 2421 timsC.
335 2367 417 2422 Soliio
433 2367 541 2423 Sidonio
555 2366 712 2421 Claudianus
727 2363 757 2419 S.
1288 2411 1294 2422 .
1331 2414 1335 2422 .
1376 2413 1382 2422 .

201 2386 339 2513 '’cmm''
361 2472 522 2512 mmmm
542 2469 715 2511 numm
734 2470 768 2508 M
793 2454 865 2508 m
986 2420 1012 2464 et
1033 2408 1129 2464 ductor
1155 2410 1267 2464 babetur
1288 2425 1410 2479 insutus.
1432 2413 1534 2469 Fiurnit
1557 2431 1588 2470 ea
1610 2426 1721 2486 tempas

383 2542 551 2582 nmmos
561 2543 620 2581 w,
635 2541 699 2580 κῃ,
987 2524 1039 2576 utra
1056 2510 1151 2564 benet
1169 2509 1242 2565 Zeno
1256 2510 1385 2567 bannonis
1397 2514 1577 2582 imperabam.

182 2603 306 2659 Salonius
325 2605 505 2660 Aruernorum
525 2605 666 2675 episeopus
687 2604 798 2672 scripsit
816 2604 888 2657 varia
905 2616 933 2658 et
1439 2603 1442 2608 ’

1569 2731 1721 2742 *—

147 2723 1681 3053 summoueantur

724 3121 1214 3251 ueternum.

622 3310 1169 3505 LIBEffiM
1179 3397 1236 3503 [Γ
1236 3401 1299 3505 S.

189 3560 218 3610 tt.
231 3560 258 3609 b.
272 3559 298 3607 ln
310 3558 416 3608 editions
427 3555 592 3607 sirmondiana
608 3561 680 3626 nota·
696 3563 749 3626 post
760 3563 856 3607 textum
874 3561 1005 3620 separatim
1018 3561 1089 3610 edita
1105 3569 1168 3610 strat.
1187 3561 1249 3620 Nos.
1268 3562 1365 3613 lectoris
1382 3568 1542 3618 commoditati
1558 3567 1721 3620 oonsuleutss.

157 3629 252 3694 textura
263 3619 547 3703 retreat-imus.'lllsrrun
557 3631 616 3689 vero
623 3626 814 3726 prasternebant,
832 3620 895 3668 uictu
912 3621 936 3669 iu
948 3621 1076 3672 sirmondo
1087 3623 1201 3684 babetur,
1212 3626 1322 3674 crassiori
1333 3625 1477 3677 charactere
1488 3629 1665 3691 expressimus,
1676 3631 1721 3682 uti

160 3685 291 3745 aualpttcus
299 3683 325 3731 in
333 3688 399 3730 armus
406 3689 489 3742 postea
500 3694 547 3728 tren
559 3693 612 3728 stne
633 3691 702 3728 ructu
713 3680 852 3730 recudatur.
863 3680 929 3731 liora.

405 3826 566 3883 urtsroett
584 3828 699 3883 ruisti.
961 3831 1047 3899 cpus
1068 3829 1174 3896 elicitis,
1199 3845 1292 3885 omues
1316 3834 1466 3889 retractatis
1496 3836 1696 3904 exemplaribus

293 3917 415 3973 Sidonius
428 3917 443 3956 b
456 3916 605 3973 Constantio
631 3935 678 3973 sno
692 3919 811 3974 salntem.
999 3908 1142 3989 cicerisque
1168 3937 1222 3978 uno
1242 3924 1377 3978 uolumine
1399 3925 1551 3991 includam,
1573 3926 1606 3994 Q.
1633 3927 1721 3998 syon

158 4012 159 4015 ’
199 4009 561 4082 1·biupraecipis‚domioe
585 4011 799 4080 major‚srtmma
819 4009 948 4066 suadendi
1001 4011 1252 4078 rotrrrsdiuttcm‚c.
1274 4013 1351 4067 Pilati
1366 4013 1533 4082 disciplinam
1558 4017 1721 4074 maturitates

161 4103 330 4167 auctoritate,
346 4101 422 4156 sicuti
435 4115 466 4158 es
483 4101 512 4157 iu
530 4102 562 4158 iis
580 4117 639 4173 uua
652 4102 870 4158 deliberabuntur
882 4118 948 4157 eon·
1000 4099 1119 4169 vestigiis
1143 4111 1154 4139 s
1183 4104 1394 4170 praesumptiosis
1421 4105 1600 4158 insecuturus.
1625 4104 1694 4161 iiam
1717 4117 1721 4143 t

162 4193 356 4260 siliosissimns‚
369 4202 398 4245 ut
411 4193 433 4247 si
449 4207 510 4262 quaa
527 4193 622 4248 litteras
636 4192 714 4262 paulo
726 4192 863 4261 politiores
877 4192 948 4247 varia
1001 4190 1089 4244 blarco
1110 4189 1199 4244 Tullio
1222 4191 1301 4246 silere
1326 4208 1369 4248 me
1392 4193 1419 4247 in
1441 4193 1511 4263 stylo
1531 4195 1670 4264 epistolari
1692 4212 1720 4252 aa

162 4283 303 4339 occasione
318 4283 466 4349 linxerunt,
481 4290 727 4351 prememorata,
742 4296 867 4352 persona,
883 4292 949 4339 teor·
1002 4290 1075 4350 puto,
1091 4283 1210 4354 quem2
1226 4297 1275 4336 nee
1291 4283 1400 4339 ‘iulius
1423 4283 1543 4338 Titianos
1563 4295 1649 4341 toturn
1671 4286 1721 4342 sub

201 4394 217 4426 ⁸
238 4391 418 4462 ermino
433 4389 539 4446 eoutoes
554 4389 662 4456 Modesti
675 4405 780 4461 auoque
794 4405 890 4445 nomen
906 4391 953 4443 ad·
1039 4388 1053 4427 b
1068 4388 1236 4461 lugdunensi
1261 4399 1353 4457 postea
1378 4392 1534 4464 presbytero
1556 4413 1562 4448 :
1586 4395 1664 4462 cssjus
1688 4411 1721 4453 ss

167 4463 244 4524 dsunt,
257 4466 307 4517 boc
320 4463 411 4527 modat,
425 4459 474 4515 «G.
489 4461 565 4516 Sollii
581 4461 743 4530 Apollinaris
752 4461 863 4516 iiodcsti
874 4461 953 4516 Sido·
1005 4459 1066 4514 libri
1082 4461 1135 4514 duo
1154 4460 1188 4514 de
1204 4460 1262 4514 Vita
1277 4461 1306 4514 S.
1320 4459 1703 4523 Gertoani*antisiodorensis
1719 4468 1721 4518 l

169 4534 223 4596 nii,
239 4548 249 4584 s
267 4547 317 4586 uec
332 4534 450 4587 insolens
470 4532 563 4586 irrites
578 4540 672 4597 aetate,
695 4543 722 4584 ut
744 4532 861 4601 quinque
875 4533 953 4584 utrius
1006 4529 1128 4583 orrnrdcm
1144 4530 1234 4584 multis
1255 4544 1326 4598 saepe
1341 4531 1462 4586 laudibus
1485 4543 1563 4587 uruat
1583 4531 1721 4600 Sidonius}

168 4610 259 4656 esseut
281 4603 427 4657 uocabula:
448 4613 573 4657 caeteruro
590 4602 668 4668 bujns
689 4602 859 4668 pronominis
880 4601 952 4654 sardia
1007 4600 1033 4653 in
1044 4598 1150 4654 eaeteris
1161 4600 1269 4669 qoasad
1282 4604 1367 4667 ipsunt
1381 4602 1482 4656 aliusue
1493 4603 1596 4667 scribit,
1611 4614 1667 4658 turn
1679 4618 1721 4659 ssa

170 4683 280 4734 usquam
295 4681 335 4750 est
351 4673 450 4725 mentio
468 4674 537 4735 aptud
560 4671 720 4727 Sidurnuru:
740 4672 791 4726 uisi
811 4687 845 4727 eo
864 4671 953 4724 lorsan
1009 4670 1035 4722 iu
1074 4679 1190 4723 ostreata
1210 4671 1328 4723 omuium
1352 4671 1463 4738 epistola
1484 4674 1516 4726 ad
1541 4672 1721 4731 Flrtniuuua..

81 4797 85 4803 Α
171 4738 290 4793 alludere
304 4740 433 4797 uideatur.
450 4754 510 4794 cum
526 4741 559 4795 nd
573 4743 694 4795 oresium
711 4742 831 4796 scribens
853 4740 955 4808 spoils·
1010 4738 1041 4791 lsi
1063 4754 1139 4791 orum
1162 4737 1196 4792 de
1218 4738 1288 4792 Viris
1312 4740 1458 4795 illustribus
1481 4744 1505 4795 iu
1530 4745 1667 4798 ntemious
1689 4742 1721 4802 ta

170 4817 227 4891 cat,
242 4808 319 4890 malle
336 4823 367 4864 se
388 4811 535 4863 ntodestum
558 4827 637 4879 otram
661 4813 774 4865 lact-tutu
797 4810 954 4866 existimari.
1009 4807 1317 4878 episcupnsappeiiatnr‚
1329 4810 1376 4865 sed
1390 4826 1527 4879 perperam
1542 4815 1567 4866 ui
1582 4812 1672 4872 tattor.

171 4881 273 4933 Snlmai
295 4893 359 4933 rcro
382 4893 478 4933 nomen
494 4881 587 4934 ultimo
601 4884 659 4934 lurco
674 4885 806 4950 positum,
821 4889 850 4934 ut
863 4895 955 4933 rcrrrm
1047 4888 1058 4916 ⁰
1074 4877 1101 4931 lu
1114 4879 1245 4946 aliquibus
1256 4892 1333 4944 mss..
1349 4883 1566 4949 praesumptuosis.

173 4949 449 5016 t=tpropr·tum.Quare
459 4948 502 5016 qut
516 4950 609 5004 ordine
619 4950 960 5014 tsnersosidontnmupnt·
1047 4944 1061 4984 <l
1077 4949 1133 5000 Non
1148 4947 1218 5018 quod
1234 4948 1371 5003 Ciceronis
1387 4952 1481 5020 stylrrrn
1491 4950 1558 5008 ineu
1568 4965 1622 5006 noo
1636 4950 1721 5018 probe

173 5019 284 5071 linarem
298 5028 410 5082 aucant,
426 5019 554 5088 Angelum
570 5018 728 5074 Politiannm
746 5031 773 5074 et
793 5020 860 5074 alios
877 5032 961 5086 uuus·
1014 5016 1157 5071 l‘etrarcira
1176 5030 1202 5069 et
1215 5016 1359 5072 Potitianus
1372 5030 1552 5074 censuerunt:
1568 5019 1616 5075 sed
1632 5020 1721 5104 June

174 5090 235 5141 dara
249 5088 343 5152 secun,
353 5089 398 5156 uui
413 5098 590 5144 aulescorum
606 5089 660 5143 lere
674 5103 759 5143 annos
774 5092 808 5143 ito
824 5089 902 5158 primi
917 5103 964 5155 ap·
1017 5088 1126 5148 uerbum
1144 5086 1224 5139 drrcat
1244 5085 1381 5143 Ciceronis
1396 5090 1569 5144 intitutionem
1590 5092 1642 5145 siin
1662 5086 1721 5162 pulli

176 5158 324 5226 pellarunt.
343 5165 441 5226 praeter
459 5173 560 5214 morem
583 5160 682 5214 iaciunt
700 5159 792 5212 secuti
814 5158 962 5213 Sidoniani.
1016 5173 1094 5226 otram
1118 5171 1152 5210 tre
1164 5155 1285 5211 Titianus
1300 5157 1405 5226 nitidem
1421 5173 1468 5228 pro
1483 5160 1610 5229 dignitate
1622 5172 1721 5229 expres

176 5225 687 5296 Eodemqueiocrrorerersanturuui
705 5228 865 5295 Prospcrum
882 5227 960 5281 'iirn-
1051 5226 1193 5294 ‘Seston
1217 5238 1293 5292 pater
1320 5227 1415 5282 Titiani
1444 5230 1570 5295 alterans,
1593 5246 1649 5298 spuo
1673 5247 1721 5300 usar

176 5311 238 5352 nem
252 5296 382 5361 scribunt,
396 5311 455 5350 curn
470 5296 534 5350 ‘liro
551 5297 665 5366 Prosper
680 5298 808 5352 dicendus
821 5300 866 5362 sit,
882 5308 961 5366 atque
1014 5311 1077 5348 usu·
1097 5307 1136 5350 est
1159 5295 1227 5350 lilius
1251 5297 1385 5349 tlarimini
1408 5300 1474 5366 Aug.
1491 5297 1675 5368 Capitolinus:
1694 5300 1721 5355 tn

177 5369 213 5424 ita
228 5369 253 5421 io
266 5368 381 5434 antiquis
394 5366 588 5435 escurplaribus
604 5367 772 5423 inscribatur.
1015 5382 1076 5420 usas
1088 5377 1123 5419 est
1136 5364 1237 5419 Titiano
1248 5365 1302 5434 pilio
1317 5366 1411 5421 Titiani
1426 5370 1543 5432 senioris,
1553 5369 1598 5439 qui
1614 5371 1721 5440 precise

208 5478 219 5501 '
232 5480 345 5542 Quinque
356 5481 450 5543 priores
461 5484 570 5528 notarum
588 5478 686 5538 paginas
698 5512 705 5530 ,
717 5478 779 5526 sieut
788 5477 861 5527 ctiam
873 5483 927 5526 tros
938 5475 1043 5535 ultimas,
1057 5477 1087 5524 ad
1103 5475 1193 5525 Sidonii
1204 5487 1305 5537 operum
1314 5475 1408 5525 *calcem
1422 5479 1559 5539 scierimus,
1571 5479 1614 5528 ubi
1636 5492 1721 5529 excussa

179 5539 215 5588 sul
229 5544 297 5589 titulo
306 5541 440 5596 Corossidis.
451 5554 464 5588 a
477 5547 557 5589 nostra
568 5551 622 5600 pag.
632 5538 737 5587 tii-tls
748 5538 836 5600 irradia,
848 5537 877 5586 ad
889 5537 961 5586 linem
974 5538 1067 5598 pagttna
1079 5538 1189 5587 ‘rit-ibi.
1202 5538 1250 5588 iias
1262 5544 1346 5588 autem
1357 5545 1412 5588 octo
1423 5544 1522 5602 pagtms
1533 5541 1648 5592 crassiori
1657 5541 1721 5591 cbart

180 5614 226 5649 stou
240 5603 414 5664 expressimus,
427 5610 451 5652 ut
463 5610 520 5674 pote
533 5599 561 5650 ad
573 5613 634 5662 quas
646 5599 722 5649 lector
735 5601 758 5649 iu
772 5599 850 5650 indice
862 5611 909 5647 uon
920 5606 1057 5649 reuocetur.
1071 5598 1138 5649 idon.
