3788 6120
102 263 104 267 ¹
130 310 199 371 toas
741 308 903 366 nausson
923 307 1150 368 usmarusosts
1698 282 1768 364 roas

125 430 217 485 ericus
235 436 248 465 t
266 427 299 482 rte
322 434 392 482 terra
413 441 460 481 sua
484 425 605 481 eolrares
633 424 708 481 steret
730 426 845 481 Abrabae
870 439 918 496 pa-
931 427 957 486 Α
971 440 1022 479 nna
1037 425 1140 481 Deitate
1154 435 1208 480 tres
1223 438 1285 480 esse
1299 436 1448 494 personas,
1465 430 1493 477 ut
1504 421 1539 476 sit
1551 419 1651 490 aliquid
1668 421 1767 486 insin·

127 518 263 574 triareltae.
971 519 1040 590 gulis
1056 519 1203 587 proprium,
1220 515 1290 587 quod
1306 530 1360 570 nou
1376 513 1473 569 lrabeat
1488 515 1551 568 alia.
1571 512 1678 568 Patrem
1691 512 1767 569 scili·

417 606 530 663 cattis
550 605 632 661 xxti.
970 622 1014 666 cet
1025 613 1074 666 troc
1091 613 1188 669 babere
1200 612 1348 683 proprium,
1363 610 1434 681 quod
1453 610 1511 676 ipse
1527 608 1564 665 sit
1586 609 1646 664 sine
1662 610 1767 681 origine

161 698 508 766 1ὃιιιιιιτιιιε,(ἶιιΙΙὶοιιιιι
524 699 652 755 Ecclesiae
667 700 827 768 episcopus,
843 715 920 770 roga·
970 700 1046 770 origo
1063 702 1196 756 aliorum:
1221 703 1305 757 lilium
1326 700 1377 756 boc
1395 700 1495 756 babere
1515 700 1670 770 proprium,
1691 704 1766 772 qrrorl

125 800 195 846 tusa
213 792 327 859 quadam
343 800 416 845 casta
430 799 456 845 et
469 789 575 844 ctnisro
590 791 710 845 dedicata
730 791 843 861 uirgine,
868 791 919 849 Ss-
970 795 1073 858 genitus
1088 793 1208 863 genitore
1222 792 1320 848 nonsit
1333 792 1479 862 posterior:
1494 790 1625 860 Spiritum
1638 804 1764 850 sanctum

124 883 210 938 cunda
226 883 347 947 nomine,
366 881 518 951 composuit
540 881 636 937 librum
657 882 691 938 de
711 883 777 938 Fide
789 884 919 937 aduersus
969 882 1021 937 boe
1037 882 1135 939 babere
1147 882 1295 954 proprium,
1311 884 1382 953 quod
1398 897 1447 938 nec
1462 883 1597 938 Detonsis
1618 898 1669 939 nec
1682 884 1762 955 geni·

124 973 287 1030 Marcionem
297 983 325 1029 et
340 971 509 1028 Valentinum
521 972 580 1040 ejus
595 982 606 1010 ι
622 980 774 1040 auctorem,
789 983 817 1028 et
827 973 919 1029 adver·
970 985 1022 1037 tus,
1037 985 1064 1030 et
1079 984 1168 1032 tamen
1181 978 1217 1030 sit
1229 992 1262 1032 es
1278 977 1373 1032 alteru.
1399 975 1437 1030 De
1450 975 1635 1030 incarnatione
1647 990 1711 1031 sero
1727 975 1762 1031 ita

124 1079 169 1120 sus
181 1064 339 1120 burrumium
355 1074 382 1119 et
392 1063 450 1132 ejus
465 1063 622 1133 magistrum
633 1062 751 1129 tletinm,
766 1064 917 1120 osteudens
968 1068 1071 1137 erribit,
1086 1078 1114 1123 ut
1127 1067 1297 1123 manentibus
1310 1069 1336 1122 in
1347 1083 1377 1121 rs
1392 1067 1496 1122 duabus
1515 1069 1619 1123 naturis
1632 1084 1683 1123 urna
1698 1084 1761 1124 cre·

124 1153 164 1224 eis
178 1155 282 1208 ratione
293 1162 321 1207 et
335 1152 533 1220 scripturarum
549 1152 722 1222 testimoniis,
733 1149 746 1190 ‘¹
759 1169 841 1208 utrum
856 1168 917 1209 esss
967 1160 1044 1216 datur
1056 1161 1117 1217 Filii
1133 1162 1180 1217 Dei
1198 1176 1321 1230 persona,

124 1243 234 1299 Deitatis
261 1243 439 1313 principium,
462 1256 544 1296 unum
568 1257 629 1299 esse
653 1243 736 1298 Deum
760 1244 917 1300 eternitatis
1250 1250 1363 1307 CAPUT
1381 1249 1488 1306 xxvtt.

123 1345 275 1401 auctorent,
290 1343 318 1390 et
330 1335 421 1389 muntii
437 1349 470 1389 es
484 1333 569 1388 nibilo
579 1333 766 1401 conditorem3
783 1335 917 1408 simulque
1003 1339 1017 1380 h
1038 1341 1149 1399 [instans
1163 1343 1309 1397 munacltus
1322 1343 1429 1411 scripsit
1442 1341 1572 1397 aduersus
1586 1355 1634 1396 cus
1654 1343 1700 1413 qni
1718 1358 1759 1400 re·

123 1437 151 1483 et
163 1427 197 1482 de
211 1425 328 1491 cbristo,
343 1425 413 1494 urrud
430 1440 483 1480 non
497 1427 524 1481 in
537 1427 676 1497 phantasia
692 1427 773 1484 borno
783 1443 915 1500 apparue·
967 1435 1144 1503 baptizandus
1159 1435 1301 1489 trasericus
1311 1433 1470 1499 decernunt,
1490 1431 1592 1488 docens
1606 1448 1657 1487 uec
1670 1433 1758 1504 legiti-

123 1517 169 1583 rit,
185 1517 233 1573 sed
246 1531 337 1572 reram
354 1517 478 1574 babuerit
496 1532 616 1585 carnem,
641 1533 688 1587 per
705 1533 784 1588 qoam
801 1519 914 1575 utarrdu·
967 1543 1039 1581 rrrrrm
1055 1541 1133 1590 esse,
1146 1541 1195 1581 uec
1209 1526 1263 1581 Deu
1278 1526 1399 1596 dignum,
1423 1525 1583 1594 rebaptizari
1599 1526 1660 1582 illos
1672 1527 1718 1596 utri
1732 1526 1759 1580 in

123 1609 220 1676 ranno,
253 1610 382 1675 bibendo,
415 1607 550 1674 lassando.
587 1608 741 1679 ptumus,
763 1610 913 1678 moriendo.
966 1620 1206 1684 nominatarum,
1230 1619 1272 1675 ret
1292 1620 1318 1672 ru
1342 1618 1450 1674 nonius
1471 1618 1570 1686 narras,
1594 1628 1622 1676 er
1637 1619 1710 1686 Frui,
1732 1623 1779 1677 ss·

124 1701 289 1771 resurgendo
301 1716 381 1757 uerus
394 1703 522 1772 probatus
536 1709 579 1758 est
592 1702 682 1757 bomo.
704 1703 750 1758 llis
762 1703 834 1758 euim
846 1702 914 1759 llar-
965 1710 1081 1780 Spiritus
1102 1709 1198 1774 sancti,
1218 1709 1341 1777 utramuis
1359 1722 1441 1775 praru
1452 1723 1545 1772 sensu,
1573 1710 1758 1778 baptizentur;

124 1793 184 1849 elon
199 1803 227 1848 et
237 1793 396 1850 Valentinus
409 1795 538 1850 contrarii
551 1796 722 1863 exstiterunt,
738 1807 891 1852 asserentes
903 1805 915 1835 ⁹
929 1792 954 1854 ti
967 1802 1013 1858 sed
1026 1809 1085 1869 post
1095 1800 1234 1855 Trinitatis
1245 1807 1273 1855 et
1286 1797 1384 1854 Christi
1400 1799 1551 1868 simplicem
1561 1798 1760 1856 cruriessinucrn

124 1887 178 1938 dun
195 1885 307 1940 Deitatis
328 1900 389 1940 esse
408 1885 594 1956 principiaet
608 1885 744 1942 Christum
767 1888 873 1942 senisse
889 1887 916 1941 in
968 1893 1092 1947 suiiicere
1111 1891 1143 1945 ad
1166 1889 1280 1945 salutem
1301 1904 1395 1944 manus
1420 1890 1619 1960 intpmitiuueur
1634 1891 1759 1948 catholici

124 1976 277 2045 phantasia.
311 1977 389 2031 testu
413 1991 478 2030 uero
500 1986 526 2030 et
551 1976 682 2031 Eunomia
704 1978 836 2047 discipulo
858 1979 917 2048 ejus
967 1986 1126 2043 sucerdotis.

124 2065 253 2131 ostendit,
265 2065 371 2120 Patrem
385 2076 413 2120 et
430 2065 526 2119 Filium
542 2080 595 2119 non
607 2067 720 2123 duarum
732 2083 793 2124 esse
806 2078 916 2124 natura·
1237 2075 1350 2133 CAPUT
1370 2077 1489 2131 ttttvttt.

124 2171 183 2212 rum
207 2153 266 2210 ⁶1¹
289 2154 430 2210 turiurum
455 2155 597 2225 parturum,
620 2155 668 2211 sen
691 2158 770 2212 arrius
792 2159 917 2216 mserum
1005 2167 1179 2234 inserirur,
1193 2165 1760 2236 rtrusrnmarum.scriptitamusnoos

124 2245 312 2320 1311111010)οι
328 2248 485 2302 0²²¹¹⁰¹¹¹¹n
500 2261 535 2301 ⁰¹
548 2246 646 2315 ²¹¹0¹00
663 2246 689 2302 id
710 2256 760 2314 0⁸¹2
785 2263 817 2304 ⁰¹
837 2248 918 2307 Palm
968 2261 1097 2316 adsersus
1126 2258 1133 2311 i
1158 2238 1361 2314 ruatbemsticos
1389 2258 1505 2321 librum,
1528 2257 1553 2311 iu
1573 2272 1628 2325 quo
1650 2256 1758 2326 labore,

125 2339 233 2403 lilium,
247 2349 273 2394 et
288 2338 401 2394 alterum
414 2336 491 2394 alteri
504 2345 669 2393 coeternum
684 2354 692 2394 :
708 2339 751 2395 cui
767 2339 918 2397 credulitati
968 2351 981 2390 t
997 2351 1165 2408 „peppppm
1179 2348 1302 2420 φωνὴ
1312 2348 1406 2402 „opp
1418 2348 1628 2418 sgfppmmuffi

125 2433 219 2490 actius
228 2440 256 2488 et
274 2430 422 2487 Enrronrius
433 2429 631 2504 contradicunt.
1252 2440 1365 2499 caput
1385 2441 1481 2496 xxix.

1006 2537 1016 2577 ¹
1030 2539 1198 2594 licrrunuuus
1213 2535 1293 2596 alius,
1306 2533 1453 2590 Antiochiae
1465 2535 1616 2605 presbyter,
1630 2532 1716 2588 edidit
1726 2533 1758 2590 ds

405 2587 519 2645 CAPUT
538 2587 633 2643 xxvl’
969 2633 1124 2701 uirginitate
1138 2629 1274 2701 egregium
1290 2637 1318 2683 et
1337 2627 1423 2684 saeris
1438 2627 1587 2696 seriprurts
1600 2626 1758 2684 instructura

162 2729 174 2767 ι
196 2719 271 2774 lsasc
285 2717 390 2788 scripsit
406 2717 440 2771 de
450 2727 552 2772 sancte
563 2714 702 2773 Trinitatis
717 2719 803 2774 tribus
821 2735 917 2792 perso·
969 2705 1104 2778 ruluurerr.

126 2811 168 2866 nis
182 2823 208 2866 er
223 2809 408 2865 incarnatione
419 2808 524 2866 Domini
540 2809 636 2865 librum
656 2811 857 2868 obscurissime
876 2814 925 2871 di..
1255 2808 1369 2864 stertit
1388 2808 1471 2864 ltiix.

127 2900 286 2973 sputatinnis
307 2911 335 2957 et
358 2901 469 2955 involuti
491 2901 634 2967 sermonis,
655 2902 874 2964 confirmansita
889 2905 916 2963 in
1004 2914 1024 2942 Ε
1043 2904 1176 2969 lusurus,
1202 2902 1446 2974 llierusulyurouuru
1467 2901 1626 2972 episcopus,
1655 2901 1759 2972 scripsit

162 3092 176 3120 ⁸
196 3082 315 3150 corbet,
327 3081 359 3136 de
368 3093 434 3135 terra
447 3081 486 3135 ret
496 3082 645 3152 reponsione
654 3098 700 3135 soa
710 3099 741 3138 es
753 3082 851 3139 Grues.
867 3099 917 3151 su,
1002 3078 1017 3119 ¹²
1039 3080 1089 3136 llic
1099 3079 1212 3136 Ursinus
1222 3079 1249 3132 in
1260 3075 1353 3132 codice
1364 3074 1492 3130 Vaticano
1503 3086 1598 3130 artetur
1608 3076 1758 3133 inscribitur

128 3153 155 3208 1.
171 3151 247 3207 llunc
263 3151 394 3206 Bactriarii
410 3152 527 3206 libellum
544 3155 645 3220 primus
659 3155 744 3207 edidit
760 3168 822 3208 curn
847 3155 918 3209 irritis
969 3151 1052 3208 libelli
1073 3150 1108 3205 de
1129 3147 1337 3215 rebaptizatione
1357 3146 1555 3209 iraereticolum,
1579 3147 1625 3212 nrri
1640 3148 1697 3200 sine
1709 3163 1758 3201 uo·

127 3222 379 3279 risemdirisstmus
392 3222 460 3277 Lod.
479 3225 610 3275 bistonios
631 3221 791 3277 lluraturius
811 3234 876 3278 tum.
895 3224 916 3278 11
970 3223 1041 3276 ruine
1061 3221 1148 3276 editos
1167 3227 1209 3273 est
1228 3233 1243 3271 a
1265 3217 1378 3280 ttiertrto
1393 3226 1419 3270 et
1438 3232 1454 3270 a
1478 3218 1581 3270 Joaoue
1602 3215 1679 3270 Fellu
1691 3218 1758 3271 (iso-

128 3292 258 3349 anecdot.
279 3291 345 3346 bibi.
367 3292 561 3357 tturbrosiaure,
579 3292 722 3348 llediulan.
743 3293 824 3357 titas,
841 3293 868 3360 1,
891 3287 955 3351 iod}
970 3290 1056 3346 nicusi
1071 3292 1199 3359 episcopo
1212 3288 1245 3341 ad
1259 3288 1358 3342 calceus
1372 3301 1483 3352 operum
1497 3286 1525 3341 S.
1542 3287 1680 3358 Cypriani.
1696 3287 1758 3342 Vide

128 3377 181 3430 orto
192 3363 242 3417 snb
256 3363 315 3417 init.
332 3367 422 3418 statim
444 3365 478 3417 ita
502 3362 618 3430 lurpritur
633 3379 640 3416 :
666 3361 721 3417 Nos
739 3365 850 3435 patrium
872 3366 919 3419 etsi
972 3363 1108 3419 labbeum
1123 3369 1189 3414 tum.
1202 3359 1212 3413 1
1225 3356 1340 3418 Concil..
1355 3372 1381 3426 p.
1395 3356 1457 3413 tib.

129 3433 268 3488 secuudum
282 3448 383 3486 carnem
399 3434 523 3497 rrosiurus,
535 3432 579 3486 sed
590 3449 656 3486 nunc
663 3436 719 3503 jam
730 3451 781 3488 oso
792 3434 918 3498 ttdttt'nttss,
1010 3432 1018 3469 ¹
1040 3434 1116 3487 Alius
1134 3428 1168 3484 ab
1187 3443 1220 3482 eo
1243 3429 1277 3482 de
1296 3443 1349 3496 quir
1364 3440 1442 3494 supra
1458 3439 1517 3494 cap.
1535 3428 1579 3481 10.
1595 3457 1633 3469 —-
1647 3427 1758 3482 ilscsrin

129 3514 153 3556 rt
167 3504 340 3558 desiderantes
356 3504 465 3558 atrato
477 3503 525 3572 filii
538 3503 605 3570 fieri,
630 3513 727 3557 terrant
747 3516 861 3559 nostram
876 3520 920 3559 sc·
971 3501 1033 3557 bute
1045 3501 1166 3556 llomauo
1182 3497 1303 3552 liuldous
1318 3495 1497 3565 sunites-usis
1515 3499 1666 3566 apologiam
1683 3513 1754 3553 sosio

129 3574 324 3644 portionemque
337 3573 488 3644 repulirnns.
972 3586 1021 3640 pru
1032 3571 1148 3640 Origene
1160 3568 1305 3636 inscripsit.
1322 3566 1498 3636 llieruuyruus
1521 3569 1645 3633 apu'ogia
1660 3568 1680 3622 2
1697 3583 1758 3624 rso·

165 3643 179 3683 b
200 3645 229 3698 ln
240 3642 349 3699 Corbei.
364 3646 414 3697 boe
424 3651 503 3711 caput
516 3641 602 3697 deest.
618 3641 750 3697 cmreum
767 3641 921 3700 tattirurrir
972 3654 1012 3697 tra
1026 3642 1180 3695 liultlnum:
1198 3638 1277 3709 s'rpr,
1294 3636 1389 3705 iuquit,
1405 3637 1456 3690 nisi
1472 3639 1503 3690 rte
1518 3635 1625 3691 Oriente
1639 3639 1757 3699 misus.

129 3713 225 3769 ductus
244 3711 353 3768 latinus
374 3712 502 3778 Latinius,
525 3713 568 3781 spiri
589 3713 615 3766 in
630 3712 699 3769 tttbt.
716 3713 918 3780 sacru-prolana
971 3711 1159 3767 eruditissimas
1174 3709 1212 3762 sir
1229 3709 1334 3762 insereret
1348 3707 1432 3760 adise
1455 3707 1522 3760 inter
1545 3709 1754 3773 mathematicam

131 3783 203 3838 burrc
229 3782 385 3838 Sabbatinm
409 3791 534 3837 eumaem
555 3781 635 3836 bairai
651 3799 712 3837 euru
729 3782 874 3840 l’bteludia
887 3786 921 3841 de
973 3781 1126 3850 intelligens
1136 3778 1260 3833 nimirum
1273 3777 1345 3832 branc
1355 3776 1496 3832 llarcarium
1509 3776 1673 3844 Romanum,
1683 3791 1757 3848 prtem

129 3867 183 3921 qno
198 3851 308 3906 lliernn.
323 3867 348 3905 c.
360 3854 422 3908 100.
438 3851 465 3906 lu
476 3851 542 3906 Cod.
558 3850 697 3907 Gemblac.
713 3853 848 3920 Sapntirrs.
974 3853 1096 3906 liulbnus
1117 3849 1168 3904 sibi
1183 3848 1389 3918 perfamiliarem
1404 3846 1507 3909 babuit,
1522 3862 1658 3970 ignemque
1673 3862 1688 3901 a
1707 3862 1757 3902 uta·

168 3922 240 3976 elta
256 3935 321 3976 mss.
335 3931 362 3974 et
373 3923 488 3986 aurtirpue
503 3919 613 3975 llunorri
632 3919 763 3978 editiones
780 3941 788 3978 ι
808 3939 856 3990 pru
867 3938 922 3992 urso
971 3920 1143 3979 themstbicis
1166 3920 1307 3982 abstraxit,
1334 3928 1360 3972 et
1384 3915 1507 3984 origenis
1540 3918 1640 3985 uligine
1659 3916 1756 3973 iniecit.

131 3991 175 4046 alii
187 3991 257 4045 male
266 3991 421 4046 creditorem.
438 3991 491 4047 Sed
510 4001 640 4045 auctorem
652 3994 716 4048 dicit
731 4010 779 4065 pro
793 3996 921 4065 magistro
972 3992 1115 4046 baronium
1129 4000 1195 4044 tom.
1209 3988 1232 4043 ti
1245 3987 1278 4042 ad
1292 4001 1354 4041 sun.
1370 3986 1469 4040 ctrrisri
1493 3987 1545 4039 ati
1567 3987 1691 4043 consule.
1715 3987 1757 4041 Di·

131 4069 159 4118 et
173 4061 307 4117 narraras
317 4063 466 4116 conditore:
972 4076 1067 4117 sersus
1079 4070 1120 4116 e=t
1142 4059 1185 4112 bic
1204 4057 1333 4112 blacarius
1347 4056 1381 4110 ab
1392 4057 1479 4111 altero
1495 4056 1614 4111 llaesrio
1629 4057 1757 4118 Romanu,

166 4132 179 4168 ¹¹
198 4130 288 4187 Codes
309 4130 513 4202 sigebergensis
535 4147 615 4200 ortem
638 4132 771 4188 Suiirirlus
788 4133 860 4188 Petri
877 4134 920 4187 in·
972 4134 1016 4198 ursi
1032 4133 1067 4185 23
1081 4132 1190 4185 beruto.
1205 4143 1220 4182 a
1236 4128 1337 4182 Graccis
1353 4128 1379 4180 ln
1392 4127 1543 4195 menologio
1556 4127 1721 4191 celebratur,
1734 4135 1757 4182 si

131 4217 144 4255 s
182 4201 550 4256 siumeuroaemensium
563 4205 710 4256 eternitatis
728 4213 867 4258 nectorem.
886 4225 922 4245 »-
972 4196 1757 4269 errjusviraesstnttoru.linVitisPatrum.Orisssttttiriera

158 4288 220 4326 nom
232 4287 285 4326 esse
301 4271 408 4325 Deitatis
416 4273 579 4336 principium,
593 4289 671 4326 nuum
687 4288 739 4327 esse
753 4272 833 4326 Deum
847 4282 922 4326 nter·
972 4270 1100 4326 Macarius
1126 4269 1257 4324 Daronius
1280 4268 1312 4321 ad
1336 4267 1555 4337 martyrologium
1578 4267 1658 4321 Dora.
1677 4267 1722 4322 die
1740 4267 1758 4342 1

131 4345 219 4398 uitatis
230 4352 369 4396 auctorem.
382 4341 417 4395 lta
433 4340 558 4403 feliciter,
577 4351 605 4395 ut
618 4343 725 4408 opinor,
742 4344 830 4397 lucurn
843 4344 923 4398 resri·
972 4341 1090 4399 larnuarii
1104 4339 1276 4407 contruderat,
1293 4346 1322 4392 ut
1338 4337 1496 4391 llosweislus
1517 4339 1544 4390 iu
1563 4339 1636 4393 tretis
1653 4340 1688 4394 sd
1706 4352 1759 4408 ept-

131 4416 169 4467 tui
187 4429 203 4468 e
218 4414 311 4467 cronice
331 4414 537 4480 Noribergense.
561 4411 589 4467 ln
605 4413 696 4467 blirmo
713 4422 756 4468 est
776 4414 921 4483 incongrua
973 4413 1070 4466 stolam
1087 4411 1121 4467 50
1134 4409 1236 4464 Paulini
1248 4408 1341 4462 Nolani
1356 4406 1467 4462 notarit.
1485 4407 1609 4462 bltnrsus.

134 4483 232 4537 lertio:
250 4481 336 4537 Uarum
352 4500 406 4538 esse
423 4483 531 4538 Deitatis
541 4493 671 4536 auctorem
692 4495 716 4538 et
730 4483 820 4536 orandi
838 4500 871 4538 es
883 4484 923 4536 ni·
1010 4482 1018 4532 1
1037 4482 1193 4548 sstrotngus
1205 4478 1403 4533 Genetblaccs.
1416 4476 1499 4545 liujus
1514 4476 1620 4532 berarii
1636 4475 1758 4546 oprrseuts

131 4553 196 4675 ailo.
222 4553 251 4605 ln
272 4553 324 4608 Gu.
351 4555 431 4608 etiam
454 4565 524 4610 est:
547 4551 656 4607 Deitatis
676 4555 831 4625 principatur.
853 4554 920 4610 Eun.
974 4552 1101 4606 adversus
1120 4552 1202 4674 latitura
1218 4558 1245 4604 et
1260 4547 1392 4603 llatbesiu
1410 4555 1542 4602 meruerat
1557 4547 1673 4603 Rulinus
1690 4550 1759 4603 isus·

142 4620 291 4677 'tentanum
974 4625 1043 4676 ctioa
1060 4622 1072 4676 1
1087 4623 1113 4675 iu
1128 4622 1136 4674 l
1152 4623 1237 4676 ieron.

169 4701 181 4730 ⁴
203 4693 300 4747 Vocem
314 4690 422 4748 Deitatis
436 4708 490 4752 non
509 4694 608 4750 babent
620 4694 705 4750 nostri
717 4693 834 4749 codices.
853 4654 962 4749 aan⁰
1010 4691 1169 4761 klijusdern
1185 4688 1272 4744 bisini
1287 4686 1395 4756 scriptis
1409 4685 1528 4754 adjutum
1550 4687 1699 4743 blscsriuut
1721 4686 1760 4742 in·

132 4764 290 4819 Cmsrsuns.
975 4763 1043 4818 nuit.
1066 4762 1131 4816 Vide
1148 4761 1290 4814 Duronium
1311 4761 1344 4812 ad
1366 4757 1539 4829 martyrolog.
1559 4757 1716 4828 Namusa,
1735 4767 1760 4813 et

171 4833 181 4872 1
199 4832 234 4887 lta
247 4847 279 4885 es
295 4831 359 4886 Nur.
374 4832 522 4899 posuimus.
537 4834 619 4889 lliraei
629 4834 709 4890 lectio
724 4849 777 4889 non
788 4833 921 4890 cubaret:
975 4832 1173 4888 'tillemontium
1185 4842 1249 4884 turn.
1264 4827 1311 4884 tttt
1327 4828 1438 4883 blemor.
1454 4842 1482 4896 p.
1495 4827 1550 4882 203
1561 4843 1622 4895 serp.

133 4914 157 4959 st
168 4903 309 4959 ditirritatls
323 4903 422 4971 parilis.
1012 4901 1021 4941 ¹
1040 4901 1197 4957 lleliudnrus
1207 4900 1276 4953 alius
1285 4902 1319 4952 ab
1333 4897 1476 4953 ttetrodom
1487 4898 1579 4952 itidcrn
1592 4899 1760 4970 presbytero,

170 4984 183 5023 s
205 4975 260 5029 llbc
272 4988 378 5044 qnoque
392 4981 470 5042 caput
481 4973 650 5029 desideratur
667 4975 693 5028 in
707 4972 814 5031 Curbei.
829 4975 922 5045 licque
973 4989 1053 5041 nuent
1069 4986 1149 5042 supra
1161 4985 1185 5024 e.
1202 4973 1219 5026 6
1235 4974 1292 5039 ipse
1303 4967 1458 5023 Gennadius
1471 4982 1579 5040 ustoque
1594 4969 1760 5035 memorarit.

134 5044 274 5114 uestigium
295 5043 354 5112 eius
374 5043 568 5098 inl'ritbemiu.
593 5046 759 5100 isaacusise
779 5059 814 5101 err
827 5046 922 5101 turiseo
974 5045 1095 5099 bisaeus.

134 5114 302 5170 tituistianus
320 5117 379 5179 tuit,
399 5128 461 5168 narn
477 5115 582 5169 libellus
594 5114 653 5185 ejus
676 5117 702 5168 in
719 5115 859 5170 l’itboeann
872 5128 921 5170 ro·
1009 5124 1028 5151 ¹¹¹
1040 5109 1577 5180 trsarrnesepiseopusllieruso'ymitauus
1588 5108 1657 5163 risit
1668 5117 1762 5176 tempo

135 5187 193 5242 dice
204 5185 241 5240 its
254 5184 417 5250 inscribitur,
432 5195 501 5239 teste
514 5187 657 5241 Sirruoudo
668 5203 675 5238 s
688 5182 766 5241 Fides
779 5185 877 5239 isauris
889 5200 923 5240 es
973 5184 1047 5238 ribus
1062 5183 1092 5238 S.
1106 5181 1271 5252 llierunymi.
1289 5180 1440 5234 tiserrbrtur
1453 5180 1549 5235 ioanni
1578 5181 1648 5234 liber
1661 5180 1695 5233 sd
1716 5177 1749 5234 Ca

134 5257 235 5311 iudico.
259 5259 280 5309 Α
301 5254 390 5310 erveo
413 5259 527 5310 retertur
543 5257 577 5309 ad
596 5271 659 5309 auu.
679 5255 742 5320 tiu,
766 5272 780 5309 a
805 5255 923 5310 §rubrido
975 5255 1091 5322 prasium
1107 5254 1141 5308 de
1157 5253 1325 5307 instruitioue
1338 5250 1461 5305 ruorraclri
1475 5267 1482 5302 τ
1494 5250 1538 5318 spu
1555 5251 1581 5303 iu
1600 5250 1760 5304 ttibttottrees

136 5328 208 5383 Petri
221 5326 254 5380 ad
268 5326 331 5389 150,
344 5325 497 5392 stimuum,
510 5326 552 5379 cui
566 5329 710 5389 assentior,
723 5327 829 5382 uidetur
843 5325 924 5392 pusulo
977 5325 1085 5379 Patrurn
1099 5334 1124 5377 et
1139 5324 1202 5376 aiibi
1226 5332 1323 5375 esstut.
1347 5321 1399 5374 Sed
1424 5322 1446 5373 is
1465 5320 1571 5373 uidetur
1595 5321 1713 5386 scriptus
1732 5319 1761 5372 si

134 5411 198 5454 ants
211 5412 255 5451 au.
271 5396 325 5451 100
341 5395 479 5452 claruisse.
492 5424 527 5435 -
538 5394 630 5460 isaaci,
645 5411 678 5450 es
695 5395 789 5452 irrues
798 5397 831 5450 ad
846 5394 925 5450 Cirri-
976 5395 1066 5463 aliquo
1079 5395 1156 5462 lunge
1171 5394 1329 5462 posteriore.
1345 5390 1389 5445 Sic
1402 5391 1577 5444 Dullanniuns
1590 5390 1639 5444 lib.
1653 5389 1688 5444 de
1701 5390 1761 5444 scm

134 5481 204 5522 sturn
220 5466 353 5534 conversi,
366 5466 463 5521 librum
475 5463 547 5528 adet,
558 5464 631 5519 ch.
645 5466 775 5522 Trinitate
794 5467 870 5522 etde
884 5468 926 5520 ln·
978 5465 1101 5532 ptoribus
1112 5464 1209 5518 eccles.
1223 5471 1250 5515 et
1265 5463 1394 5515 baronius
1409 5463 1441 5513 ad
1464 5475 1564 5514 srrnttm
1580 5459 1635 5513 111
1645 5469 1760 5513 censent.

135 5538 291 5592 cassatione
307 5536 410 5592 Duruinr
425 5544 597 5598 tractantem,
617 5535 732 5591 tseubu
750 5536 923 5601 Sirruundtss,
977 5533 1129 5588 Carmelitae
1142 5543 1244 5598 tamen,
1264 5533 1290 5587 in
1307 5533 1347 5584 tus
1360 5531 1479 5586 strumas
1496 5545 1510 5583 s
1525 5528 1589 5584 lesu
1609 5530 1759 5593 ltratiensis,

137 5609 166 5664 S.
182 5608 207 5660 l.
232 5607 382 5676 tbeotogus,
403 5622 463 5661 curn
485 5606 592 5676 Leporii
614 5607 775 5677 presbyteri,
799 5606 923 5675 capreoli
977 5615 1004 5657 et
1017 5603 1111 5657 Petrus
1122 5602 1277 5666 Wastelius,
1292 5601 1406 5668 priorem
1417 5605 1578 5655 seutentiam
1589 5608 1759 5655 astruerem

135 5677 253 5747 episcopi
277 5677 516 5745 Carthaginiensis.
540 5685 569 5732 et
586 5675 716 5732 Vietrniui
738 5677 792 5733 blri
816 5677 924 5747 libellis,
979 5683 1086 5727 uantur.
1095 5671 1228 5728 Ceterum
1239 5670 1357 5726 ioannes
1369 5669 1760 5741 lliernsulymitamss,lirribnrrt

135 5748 248 5805 Lutstirc
263 5747 331 5820 1050
346 5750 446 5817 priiuns
461 5748 553 5804 edidit.
566 5747 686 5803 tianeus.
979 5744 1158 5812 Aquileiensis
1167 5751 1194 5798 ct
1208 5742 1340 5798 Palladius
1352 5741 1457 5801 Galata,
1470 5741 1569 5796 suturni
1584 5740 1633 5795 illo
1642 5755 1700 5795 aero
1711 5740 1758 5792 lat·
