3788 6120
132 232 181 288 Nil
757 229 880 287 sthonll
898 227 1127 288 seoththsnts

132 348 252 402 ltlustres
267 342 404 414 titulisque
417 341 570 413 praeliique

135 437 236 504 Urbes,
252 450 301 503 per
315 435 368 490 duc
381 432 520 488 consulum
536 440 639 502 tropaea

133 528 210 600 (Nam
225 529 337 583 llartem
353 526 413 583 tulit
426 526 476 584 ista
488 527 639 593 lulianum,

134 619 167 673 Et
182 619 264 673 Bruto
278 618 346 674 duee
361 619 496 674 nauticum
514 617 653 680 lusorem.

132 713 179 769 llst
192 711 250 766 haee
263 709 426 768 Teutonicas
441 719 552 767 cruenta
569 725 687 781 pugnas,

132 802 260 859 Erectum
273 812 301 860 et
314 802 427 859 hlarium
446 801 558 859 cadente
572 801 708 872 Cinrbro);

133 895 231 951 hlisisti
249 895 313 952 milri
328 895 466 965 multiplex
482 908 590 964 poema,

133 988 262 1056 Doctum,
281 988 387 1054 nobile,
405 986 490 1052 forte,
505 985 659 1042 delicatum.

132 1079 210 1137 thart
224 1078 371 1134 hexametri
387 1077 591 1149 superbientes,

133 1169 168 1225 Et
180 1169 292 1241 vestigia
304 1169 412 1239 iuncta,
427 1167 475 1225 sed
489 1168 610 1237 uulnera,

60 1275 62 1278 ·
132 1260 184 1316 Per
196 1260 292 1330 quinos
312 1259 374 1330 eligi
391 1259 473 1330 pedes
488 1259 622 1317 lercham.

133 1352 226 1408 llisisti
240 1361 268 1408 et
284 1352 396 1423 triplicis
410 1359 525 1409 metram
541 1352 667 1418 trochaei,

132 1444 269 1515 Spondoee
282 1446 444 1516 comitante,
460 1444 638 1518 dactyloque,

133 1535 231 1592 llulees
245 1534 499 1606 hendecasyllabos,
515 1545 645 1607 tuumque

132 1625 236 1681 Blando
251 1625 343 1682 tunore
354 1624 466 1680 Sollium
480 1623 578 1695 ligasti.

135 1717 247 1774 Usuram
262 1717 451 1787 petimurque,
466 1714 668 1787 reddimusque.

133 1802 200 1865 Natu
218 1806 289 1878 quod
309 1807 429 1862 carmine
446 1821 496 1877 pro
516 1814 561 1862 tuo
576 1807 712 1878 rependo,

132 1898 189 1957 lloc
207 1898 355 1956 centesima
374 1897 482 1954 laudum
501 1904 608 1953 tuarum
626 1905 679 1956 eat.

133 1991 203 2058 Quid
222 1989 338 2062 primum
358 2003 484 2049 ueneror.
503 1988 645 2059 colamque
664 2003 713 2060 pro
732 1991 778 2045 tei

133 2082 216 2156 399
234 2079 266 2135 Ni
284 2079 372 2149 fallor,
393 2075 523 2150 patriam,
544 2092 700 2151 putremque
717 2081 804 2152 juxta.

133 2171 184 2240 Qui
202 2183 352 2242 quanquam
371 2169 421 2226 sibi
439 2169 576 2226 vindicare
591 2184 726 2228 summunt

133 2262 223 2318 Possit
238 2264 300 2330 jure
320 2259 424 2327 locum,
449 2269 539 2316 tamen
559 2275 671 2318 naemu
688 2272 731 2319 est

133 2349 209 2406 lllam
230 2350 354 2418 sincere,
372 2363 434 2421 quea
454 2350 525 2420 parit
542 2360 676 2422 parentes.

170 2522 267 2594 Salve,
288 2522 389 2591 Narbo,
410 2530 508 2595 potens
528 2480 699 2594 salubritate,

136 2613 206 2670 llrhc
221 2624 247 2671 et
265 2630 329 2672 rnre
349 2615 427 2671 simul
444 2615 532 2672 honus
552 2616 655 2687 rideri,

134 2707 230 2777 lluris,
249 2707 369 2774 civibus,
389 2707 507 2777 ambita,
530 2708 667 2780 tabemls,

22 2860 25 2865 ,
135 2796 237 2864 l‘ortls,
259 2796 423 2867 porticibus,
439 2797 516 2866 loro,
534 2799 654 2868 theatro,

135 2886 273 2954 lleluhris,
292 2888 440 2958 capitoliis,
461 2891 593 2956 monetis,

133 2976 275 3041 Tbernrls,
295 2979 424 3042 arcubus,
449 2978 570 3046 horreis,
592 2981 726 3048 macellis,

134 3065 239 3135 Eratis,
260 3067 393 3134 lontibus,
413 3069 520 3136 lnsulr's,
543 3071 651 3137 salinis,

134 3160 254 3230 stagnis,
278 3160 403 3231 llumine,
424 3177 529 3230 merce,
550 3171 646 3232 ponte,
668 3173 758 3236 ponto.

135 3252 210 3310 llrms
227 3252 271 3325 qui
292 3267 421 3309 venerere
439 3252 500 3323 iure
519 3253 610 3325 divos,

134 3348 278 3416 lemnum,
296 3348 440 3416 Cererem,
461 3348 568 3418 Palem,
586 3350 730 3409 llinervam

135 3440 237 3510 Spicls,
260 3440 384 3510 palmite,
406 3440 528 3511 pascuis,
551 3443 674 3514 trapetis.

136 3533 208 3589 Solis
226 3533 275 3589 lise
291 3532 371 3601 viris,
393 3547 442 3588 nec
462 3533 581 3604 expetito

134 3624 241 3681 Naturae
257 3622 371 3691 auxilio,
389 3624 481 3693 procul
502 3625 603 3682 relictis

938 340 1090 413 solatoria
1111 342 1217 398 sudium
1235 349 1347 398 coronat
1366 357 1457 412 agger.

977 432 1034 486 Non
1055 442 1082 488 tu
1103 447 1254 498 marmora,
1278 433 1430 501 bracteam,
1451 434 1620 508 nitrumque,

976 522 1034 578 Nun
1055 524 1196 580 testudinis
1217 525 1314 579 lrrdicxe
1334 523 1467 589 nitorem,

975 613 1033 673 Non
1053 615 1161 686 siquas
1182 615 1271 671 eboris
1287 614 1377 671 trahes
1397 613 1521 671 refractis

978 706 1082 765 ilustris
1101 708 1251 765 Marmarici
1271 708 1371 765 dedere
1391 709 1478 774 barri,

977 798 1049 869 Eigis
1069 799 1217 869 moealhcs,
1238 813 1387 870 aureasque
1406 807 1498 870 portas

977 889 1099 945 Exortus
1118 900 1132 927 ⁸
1151 890 1292 946 asaroticis
1311 889 1421 960 lapillis.

978 978 1031 1035 Sed
1051 994 1099 1049 per
1118 981 1261 1036 semirutas
1278 980 1412 1050 superbus
1434 994 1525 1048 arces,

976 1069 1128 1126 Ostendens
1146 1071 1246 1127 veteris
1263 1068 1345 1126 decus
1364 1069 1465 1138 duelli,

976 1163 1124 1231 Quassatos
1143 1164 1215 1234 geris
1232 1162 1329 1219 ictibus
1348 1162 1482 1232 molares,

976 1254 1058 1326 Igoo
1077 1253 1125 1310 har
1134 1255 1228 1311 dandis
1247 1254 1390 1326 pretiosior
1409 1255 1504 1312 ruinis.

977 1345 1037 1403 Sint
1054 1350 1135 1404 urbes
1154 1348 1214 1404 alim
1232 1349 1285 1404 situ
1303 1347 1438 1416 erinaceo,

976 1441 1049 1508 Quas
1067 1442 1140 1495 sires
1159 1437 1273 1496 humiles
1292 1454 1340 1509 per
1357 1439 1414 1495 alta
1431 1439 1565 1507 condunt,

977 1531 1012 1588 Et
1031 1546 1078 1602 per
1099 1531 1249 1602 praecipites
1267 1530 1353 1586 locata
1374 1530 1471 1590 cristas

977 1623 1118 1694 Nunquam
1135 1625 1233 1680 uaoenia
1253 1637 1324 1679 caasa
1341 1623 1501 1695 glorientur.

942 1704 1018 1777 ET„
1036 1721 1139 1793 pulsate
1155 1720 1259 1791 places,
1278 1719 1414 1790 fidemque
1431 1719 1529 1778 fortem

978 1811 1145 1884 0ppngnatio
1164 1827 1243 1884 passa
1259 1812 1417 1884 publicanlt.

1014 1902 1027 1941 b
1049 1903 1115 1961 lline
1135 1911 1160 1960 le
1173 1903 1283 1961 llartius
1304 1904 1349 1962 ille
1368 1911 1469 1972 rector,
1489 1913 1571 1978 atque

979 1995 1073 2065 stagno
1094 2003 1170 2065 patre
1190 1995 1264 2065 prior
1282 1993 1364 2052 decus
1381 1995 1527 2063 Getarum,

978 2084 1106 2141 Romame
1124 2084 1248 2141 columen
1268 2084 1395 2155 salusque
1414 2086 1517 2156 gentis,

979 2176 1162 2232 Theudoricus
1179 2181 1266 2244 amat,
1285 2175 1389 2248 sibique
1409 2176 1492 2234 lidum

978 2269 1113 2326 aduersos
1133 2267 1228 2339 prohat
1245 2276 1308 2325 ante
1326 2283 1375 2340 per
1393 2269 1534 2327 tumultus.

980 2360 1032 2417 Sed
1052 2376 1104 2417 non
1122 2360 1185 2418 lrine
1205 2361 1314 2418 rileare
1332 2361 1400 2418 lorte
1420 2363 1522 2434 turpis,

978 2453 1054 2519 Quod
1078 2460 1104 2509 te
1123 2452 1245 2509 machina
1266 2454 1362 2510 crebra
1382 2453 1538 2522 periuravit.

913 2597 917 2604 ,
978 2546 1098 2617 Namque
1116 2548 1143 2602 ln
1162 2560 1276 2617 corpore
1294 2544 1401 2602 lortium
1419 2545 1540 2603 virorum

979 2638 1050 2695 Laus
1068 2646 1110 2696 est
1128 2638 1241 2709 amplior
1261 2639 1384 2708 amplior,
1408 2639 1532 2697 cicatrix.

978 2731 1007 2786 ln
1025 2731 1121 2788 castris
1139 2729 1314 2789 hiarathoniis
1335 2741 1483 2790 merentem

979 2820 1081 2875 Vulnus
1098 2836 1152 2876 non
1168 2821 1311 2892 hahuisse,
1331 2821 1431 2893 grarme
1450 2823 1578 2894 probrum
1597 2829 1652 2882 est.

980 2913 1051 2968 lntcr
1064 2912 1214 2970 Publicolas
1232 2929 1313 2971 manu
1331 2915 1450 2983 feroces.

979 3005 1086 3061 'lmnco
1103 3005 1204 3061 llucius
1222 3003 1323 3062 eminet
1341 3005 1452 3063 lacerto.

938 3074 961 3138 C
978 3094 1083 3150 Vallum
1100 3093 1213 3151 Caesaris
1224 3097 1393 3168 opprimente
1409 3096 1518 3168 hagno,

977 3186 1048 3243 lnter
1065 3194 1105 3241 tot
1120 3185 1203 3243 iacies
1221 3187 1256 3243 ab
1275 3187 1354 3244 hoste
1371 3195 1457 3256 tuns,

978 3275 1081 3332 Luscus
1097 3277 1190 3333 Scaeva
1210 3277 1260 3334 luit
1278 3279 1363 3350 magis
1381 3279 1508 3337 decorus.

980 3367 1049 3422 laus
1068 3377 1109 3424 est
1127 3368 1211 3425 ardua
1230 3369 1295 3425 dura
1315 3371 1459 3428 sustinere.

979 3459 1098 3530 ignaris,
1120 3462 1234 3530 timidis,
1252 3471 1282 3518 et
1297 3463 1454 3534 improbatis

980 3562 991 3591 e
1011 3553 1122 3609 hiultum
1142 3551 1254 3625 ringitur
1272 3554 1358 3611 otiosa
1379 3554 1473 3612 uirtus.

975 3641 1137 3715 Quid-quod
1153 3642 1304 3701 Cesaribus
1323 3645 1398 3702 lerax
1415 3646 1553 3713 creandis,

134 3716 263 3774 l’romens
283 3716 419 3771 montibus
437 3717 517 3773 altius
534 3733 674 3789 cacumen,

976 3733 1050 3789 Eclix
1072 3734 1147 3805 prole
1167 3736 1268 3805 virum,
1289 3736 1368 3793 simul
1388 3737 1485 3793 dedisti

134 3806 191 3863 Non
214 3816 241 3862 te
259 3805 330 3861 iussa
349 3814 460 3876 pateus,
480 3821 529 3864 nec
547 3808 733 3879 hispidarum-

975 3823 988 3863 ἃ
1009 3825 1092 3882 Natos
1108 3841 1169 3883 cum
1189 3826 1311 3899 genitore
1331 3828 1528 3900 principantes?

133 3937 327 3994 monimentum
350 3946 438 3995 exstat
458 3940 550 3996 llomm
573 3941 599 3996 in
615 3941 724 4014 antiqua
745 3943 800 4001 basi
816 3956 922 4008 statuae.
974 3969 1015 4014 est
1038 3959 1146 4015 candem
1165 3974 1181 4016 a
1199 3958 1312 4027 gnosso,
1331 3969 1360 4018 „q
1378 3961 1478 4018 (gemm
1496 3971 1539 4019 ω
1557 3964 1584 4018 p„
1606 3968 1790 4039 ww&

430 4031 461 4085 L.
483 4031 631 4088 antonio
974 4031 1055 4086 artri.
1076 4030 1188 4086 hemum
1208 4046 1272 4087 rem
1287 4032 1378 4100 junior
1396 4031 1440 4088 hio
1456 4033 1642 4092 Theodericus
1661 4039 1783 4107 prodit·

408 4100 649 4162 EPtTtnctthtto
974 4101 1025 4157 sibi
1037 4116 1084 4172 per
1091 4100 1265 4172 Agrippinum
1277 4103 1402 4158 comitem
1413 4102 1479 4159 urbe
1489 4101 1656 4160 Narbonensi
1669 4108 1783 4177 potito!

350 4193 486 4248 prowm
513 4193 588 4248 ηερ,
608 4194 688 4251 (3031
691 4199 712 4251 Α
936 4166 1017 4227 Dest
1030 4185 1112 4237 anno,
1127 4179 1200 4227 ulex
1217 4172 1299 4227 idatio
1313 4173 1408 4227 endem
1422 4181 1505 4242 patet,
1521 4172 1585 4230 lbd.
1603 4174 1696 4241 Quare
1710 4185 1773 4247 post

375 4263 444 4318 '11AE
464 4263 545 4328 01]AE
564 4263 684 4322 sperus
975 4242 1045 4297 lanne
1059 4257 1168 4307 annum,
1183 4241 1230 4298 sed
1241 4250 1304 4298 ante
1316 4242 1380 4308 tob,
1391 4257 1444 4312 quo
1459 4251 1580 4298 mortuus
1590 4245 1770 4303 est'lheodo·

360 4331 514 4389 puggrcqg
533 4331 694 4389 gppgggp
974 4313 1058 4380 ricus,
1072 4325 1087 4367 a
1102 4312 1213 4368 Sidonio
1230 4314 1360 4382 scriptum
1380 4314 1432 4369 boc
1448 4326 1557 4370 carmen
1579 4314 1635 4372 diei
1655 4330 1768 4375 necoese

334 4402 717 4532 Quilffihffibfiffig‘pghsi
974 4392 1025 4493 esne·
1037 4453 1065 4509 ln
1078 4452 1137 4508 aliis
1152 4451 1268 4523 pingitur.
1282 4451 1428 4509 Neratius:

301 4544 428 4601 sEvtllo
452 4544 532 4601 AUG.
555 4544 586 4600 ΙΝ
607 4544 753 4604 uttovtrtc
1064 4543 1167 4593 Paulum
1177 4542 1280 4606 sepultae
1294 4543 1474 4596 dlstatluertiae

337 4614 550 4671 Nhlltlorlllh's'l
570 4615 716 4673 cobohla
1064 4605 1244 4657 canusinus.

404 4685 506 4753 *0⁰¹⁵
525 4686 648 4744 Sffiffls
1007 4703 1158 4763 dCarinum
1172 4716 1199 4762 et
1210 4704 1401 4763 Numerianum
1415 4719 1476 4762 cnm
1489 4705 1559 4764 Caro
1570 4714 1661 4778 patre.
1677 4708 1760 4776 Quan-

169 4774 249 4847 156
263 4772 398 4830 l'lestulis
412 4777 439 4830 ia
454 4777 542 4831 marios
555 4778 660 4834 colores
671 4778 772 4848 tinctis,
805 4781 880 4838 noles
893 4783 921 4839 irr
972 4793 1052 4846 otram
1076 4777 1110 4834 de
1130 4777 1191 4833 Carl
1210 4777 1280 4847 Aug.
1295 4778 1380 4847 patria
1404 4776 1471 4832 nihil
1490 4777 1556 4833 certi
1579 4777 1664 4834 luisse
1687 4779 1762 4837 docet

126 4846 245 4901 asarotis
267 4847 436 4926 parim-entis,
459 4846 493 4902 tle
510 4848 607 4916 quihus
621 4849 724 4907 Statius
742 4852 769 4906 in
781 4796 921 4909 Nihunino
973 4849 1114 4918 Vopiscus,
1128 4856 1155 4904 et
1168 4846 1238 4917 quod
1252 4848 1362 4911 mirere,
1375 4848 1445 4904 inter
1457 4850 1545 4903 varlas
1555 4848 1701 4916 opiniones
1711 4864 1761 4908 uon

131 4914 251 4986 Vopisci.
273 4926 300 4972 el
319 4915 421 4972 Plotius
439 4916 485 4972 lib.
500 4932 593 4982 xxstt.
610 4933 669 4991 cap.
684 4921 721 4977 20
736 4937 744 4975 ε
761 4918 842 4978 Sosus
857 4918 923 4984 Per-
972 4917 1094 4975 meminit
1107 4917 1250 4975 Narbonis.
1273 4917 1327 4975 Sed
1341 4916 1465 4974 Narbone
1504 4917 1617 4984 cultum,
1635 4928 1702 4976 ante
1721 4919 1762 4976 si·

126 4987 202 5054 gauri
213 4988 302 5041 stetsit
314 5002 387 5057 quem
399 4995 490 5041 nocant
503 4999 623 5043 asaroton
634 5006 715 5059 oecon,
726 4994 846 5063 quoniam
859 5009 922 5063 pur·
972 4989 1082 5045 doniam
1104 4987 1246 5058 prodidere
1265 5002 1281 5043 e
1300 4986 1402 5044 Graecis
1419 4932 1551 5043 Eusebius
1573 4989 1602 5043 ln
1618 4988 1762 5054 carnaim,

150 5059 377 5113 amentucoenoeba
391 5057 544 5127 parimento,
577 5074 664 5129 uoeqoc
677 5063 757 5116 everri
770 5063 863 5129 solers,
877 5079 921 5119 cs·
971 5058 1099 5117 chatinis
1112 5061 1210 5115 Sextus
1223 5055 1328 5123 Victor,
1343 5057 1487 5128 Eutropius
1504 5068 1532 5113 et
1545 5057 1670 5116 Orosim.
1685 5061 1762 5117 lese·

161 5127 181 5181 tr'
193 5129 383 5197 relictofecernt
393 5129 479 5210 percis
493 5075 918 5189 textuz'stirretlrincarioscolores.
972 5130 1040 5200 phos
1053 5130 1173 5198 Scaliger
1193 5127 1227 5183 ad
1242 5127 1399 5195 Eusebium,
1410 5126 1472 5198 quia
1487 5126 1584 5183 &turn
1607 5129 1635 5183 ia
1658 5130 1765 5202 lllyrico

126 5236 128 5241 -
168 5196 378 5253 blneooortcus
390 5198 664 5267 quolamllreodoriei
684 5201 771 5272 llagni
790 5203 871 5263 illius.
886 5203 921 5262 de
970 5211 1062 5258 nautm
1075 5200 1183 5269 quidam
1196 5202 1370 5268 scripserant,
1386 5206 1416 5254 ut
1430 5197 1529 5254 Euhius
1541 5197 1712 5267 Cerillanux,
1727 5200 1764 5256 lta

125 5281 186 5338 quo
200 5267 311 5337 epistola
323 5267 350 5324 2.
366 5269 445 5325 Gothi
460 5272 530 5325 enim
545 5284 606 5326 cum
619 5271 725 5327 htanlio
739 5274 807 5329 duce
819 5273 919 5332 Gallias
970 5285 1028 5328 rem
1047 5270 1193 5338 componit,
1215 5277 1244 5323 ut
1263 5267 1394 5325 Narbonae
1414 5279 1506 5324 uatum
1525 5267 1654 5336 affirmet,
1670 5285 1724 5326 non
1738 5272 1765 5328 in

124 5337 245 5409 ingressi
263 5339 415 5396 Narbonem
436 5354 543 5409 quoque
561 5353 752 5410 occupassent,
776 5343 838 5398 inde
857 5343 921 5400 snb·
970 5340 1068 5408 Gallia,
1083 5340 1130 5396 sed
1145 5341 1171 5394 in
1186 5338 1362 5420 lllyricmubi
1374 5337 1537 5405 Narbonem,
1549 5340 1613 5395 item
1632 5339 1764 5410 oppidum

122 5411 197 5465 -suoti
215 5420 279 5467 sunt
297 5426 312 5464 a
327 5408 485 5466 Constantio
502 5411 612 5477 comite,
628 5427 710 5478 anno,
727 5423 756 5470 ut
775 5429 808 5471 ex
822 5412 919 5480 Oresio
971 5426 1032 5469 esse
1052 5409 1190 5468 contendit
1209 5409 1327 5476 uomitus
1347 5409 1480 5465 e'usdem.
1505 5408 1606 5465 Verum
1623 5408 1766 5467 Dalmatiae

124 5487 159 5533 et
169 5481 251 5535 ldalia
263 5482 406 5552 colligitur,
418 5479 481 5536 tto.
498 5479 561 5536 Post
572 5481 628 5536 huc
638 5481 820 5541 Theudoricus
831 5492 918 5555 pater,
970 5482 1086 5552 oppido,
1111 5480 1182 5552 quod
1205 5479 1326 5550 Scaliger
1353 5425 1491 5549 designat,
1513 5493 1613 5535 nomen
1637 5478 1692 5536 init
1712 5495 1765 5536 non

129 5549 272 5617 Aquitania
288 5570 340 5609 non
355 5561 508 5617 contentus,
528 5550 680 5608 Narbonem
696 5555 772 5625 longa
788 5556 832 5611 illa
847 5554 919 5611 obsi·
970 5552 1105 5617 Narbona,
1121 5552 1171 5607 etsi
1186 5552 1315 5606 nuendose
1330 5549 1364 5604 ita
1379 5549 1476 5621 legitur
1488 5549 1562 5677 W
1575 5548 1764 5618 Ptolemaeum,

125 5616 212 5676 dione
225 5623 317 5692 cinxit,
332 5640 392 5696 que
407 5624 459 5682 hoe
473 5624 534 5680 loco
547 5621 717 5693 describitur,
733 5624 780 5684 sod
796 5626 918 5697 repulsus
969 5624 1017 5681 scd
1032 5623 1147 5691 Narona,
1169 5619 1306 5693 quomodo
1320 5619 1346 5678 in
1362 5617 1474 5690 epistola
1513 5619 1588 5678 anuli
1602 5620 1675 5684 apud
1690 5620 1766 5677 Cice·
