3788 6120
151 258 199 311 ιιι
786 245 908 306 smum
927 205 1154 304 scoturninus
1738 244 1788 299 aas

151 371 229 426 tlerte
245 370 334 425 babuit
346 367 457 434 mortis;
472 381 549 438 qnem
564 380 652 422 cacus
664 380 756 421 career
768 377 795 421 et
809 381 903 429 ancos,
956 368 982 425 A
1033 362 1105 420 ilicet
1120 363 1267 434 ingreditur
1281 365 1402 422 'rimator
1415 365 1527 437 gurgitis
1540 376 1658 420 autrum.

154 464 186 518 tlt
199 479 277 533 quern
289 460 429 531 spectabat
447 459 580 515 [moturus
595 467 702 528 guttura
718 456 808 523 lictor,

152 558 246 613 llausit
262 556 390 624 Bebrycio
405 568 456 608 eon
473 550 574 607 lentior
585 550 691 620 bospite
702 549 788 605 sirus.

151 649 233 719 299
243 646 308 700 Naro
320 655 345 700 te
358 646 401 715 qui
414 644 489 714 legit,
503 642 627 697 mandata
643 651 729 696 morte
740 650 905 711 peremptus,

150 737 208 793 Non
220 746 273 791 tarn
286 737 397 792 uictoris
411 735 490 806 periit
503 749 583 805 quam
594 733 693 804 judic‘s
705 743 763 789 oro.

188 839 204 868 ¹
222 829 297 884 Narro
311 827 387 893 ades,
406 825 525 891 oleon,
542 826 619 880 lauro
637 824 680 881 eui
692 825 809 894 gap-pias
821 825 942 880 obuncos

153 922 235 978 boesa
251 921 340 989 lupata
357 919 449 988 ligant,
465 916 571 988 quotics
584 931 631 985 per
645 915 757 971 irondea
771 915 827 970 iura

152 1013 252 1069 l‘ieetis
264 1010 417 1081 penniferos
431 1009 538 1064 irederis
552 1007 716 1065 bicoloribus
727 1019 836 1073 armos;

153 1105 210 1161 iluc
224 1113 351 1159 conserte
365 1101 479 1172 chelym
497 1117 549 1156 nou
571 1110 613 1155 est
630 1100 711 1155 nodo
727 1099 817 1155 dicere
837 1111 942 1168 tempus

153 1197 273 1264 Pythona
287 1194 459 1258 exstinctum,
473 1207 523 1247 nee
537 1192 577 1247 bis
590 1200 699 1261 septena
713 1205 810 1246 sonare

154 1289 270 1343 i'uiucra
284 1286 463 1349 Territalidum
478 1299 592 1355 quorum
610 1283 656 1338 ribi
672 1281 764 1339 innera
779 1292 871 1338 servm

151 1379 206 1435 Gan
222 1393 260 1442 as,
278 1387 306 1434 ct
320 1388 422 1434 eterno
434 1377 526 1431 sinunt
543 1378 569 1431 iu
582 1376 704 1432 carmine
721 1386 833 1431 mortes.

153 1473 207 1527 l'os
220 1487 338 1542 quoque,
352 1470 512 1534 Casrnldes,
526 1470 619 1540 paucis
632 1485 685 1538 quo
700 1469 810 1526 numine
829 1469 907 1524 nobis

152 1568 263 1623 Venerit
277 1566 447 1631 Anthemius,
459 1565 530 1636 genai
551 1566 558 1621 i
572 1581 632 1621 cunt
650 1564 752 1620 ioedere
766 1567 851 1636 regni,

152 1659 263 1715 Pandite
279 1677 284 1711 :
302 1673 354 1729 pax
370 1672 459 1713 rermn
475 1658 558 1720 arisit,
570 1658 614 1726 qui
630 1657 699 1713 bella
710 1656 852 1727 gubernet.

187 1755 307 1807 Auserat
320 1748 482 1820 Augustusb
498 1762 600 1805 nature
615 1749 674 1818 lege
689 1749 805 1806 Scrcrus

153 1843 279 1899 binorum
294 1857 449 1907 numernm;
468 1857 546 1910 quern
561 1855 622 1896 mot
637 1840 763 1896 Oenotria
776 1854 867 1896 casum

154 1938 225 1993 tidit
239 1946 268 1993 nt
282 1936 355 1990 aerei
367 1935 401 1990 de
416 1934 526 2005 rupibus
540 1933 686 2003 Apennini,

153 2027 242 2098 Pergit
254 2027 361 2083 cerulei
378 2027 477 2082 ritreas
491 2025 523 2080 ad
538 2026 656 2082 Tibridis
670 2024 753 2089 mdes,

153 2117 209 2175 Non
224 2119 299 2188 galea
310 2119 436 2174 conclu-a
450 2131 542 2186 genas,
559 2132 610 2173 nec
623 2117 712 2173 sutilis
723 2117 763 2173 iili

152 2209 271 2263 Simulus
285 2208 408 2278 impactis
419 2208 528 2262 luricam
544 2208 628 2263 texuit
639 2207 735 2278 barnis,

153 2303 205 2359 Sed
221 2302 317 2357 nudata
332 2311 430 2370 capnt;
444 2315 493 2371 pro
506 2301 583 2356 crine
596 2301 737 2357 racemifer
746 2301 802 2356 erit

152 2391 266 2447 Plurirua
280 2407 328 2461 per
342 2391 457 2446 irontent
472 2392 659 2461 constringens
668 2391 764 2462 oppida
777 2391 886 2461 palmos,

151 2481 254 2551 Perque
265 2481 391 2537 humeros
407 2491 522 2548 teretes,
539 2483 682 2538 rutilantes
704 2498 806 2553 perque
826 2485 941 2541 lacertos

151 2573 267 2629 Pendula
282 2575 446 2643 gemmilerae
458 2574 619 2629 mordebant
632 2588 748 2644 suppara
764 2574 854 2629 bullae.

151 2665 264 2735 Segnior
279 2665 476 2736 inceditgenin‚
492 2665 698 2736 venerandaque
713 2666 833 2721 membra

151 2755 310 2811 i'iticomam
325 2756 445 2812 retinens
458 2757 544 2812 bneuii
561 2757 618 2813 rice
628 2756 753 2813 licetitad
770 2758 885 2814 ulmnnr:

150 2845 204 2902 Sed
220 2856 308 2901 tamea
321 2846 430 2902 ubertas
442 2848 563 2916 seqnitur
575 2862 583 2914 ;
597 2862 757 2919 quacunque
769 2850 940 2921 propinquat,

151 2937 260 2992 incessu
276 2936 402 2990 iecundat
416 2937 476 3002 iter,
491 2938 671 3008 comitataque
684 2952 806 3002 gressum

150 3028 222 3087 bata
238 3044 285 3099 per
300 3028 444 3098 impressas
455 3037 529 3084 rorat
543 3029 675 3086 vindemia
690 3030 804 3098 plantas.

994 454 1123 510 Currelmt
1137 455 1235 510 litrrias
1250 457 1382 523 residens,
1399 468 1427 513 et
1440 458 1582 513 arundinis
1600 461 1663 512 nite

994 543 1129 601 Concolor
1141 545 1167 601 in
1182 545 1261 601 riridi
1275 545 1396 601 fluitabat
1408 549 1475 604 silua
1486 550 1596 618 capillo.

994 637 1075 708 300
1092 638 1141 691 bat
1155 637 1272 693 sonitum
1288 647 1380 694 mento
1392 637 1583 706 andacadens,
1600 641 1667 696 licet
1685 642 1789 711 bispida

1672 730 1751 804 [sl'lls

993 823 1146 892 suppositis
1160 823 1274 878 muitum
1287 821 1396 878 sedaret
1409 821 1491 877 barba
1510 822 1655 894 fragorem.

994 915 1106 971 Pectore
1122 913 1242 969 ructabat
1254 914 1358 980 latices,
1375 913 1503 985 lapsuque
1515 917 1608 981 citato,

994 1005 1121 1063 sulcabat
1131 1005 1264 1060 madidam
1276 1005 1331 1074 iarn
1348 1013 1455 1061 torrens
1469 1008 1561 1062 atreus
1575 1007 1679 1071 alanus,

993 1097 1122 1153 Terretur
1133 1098 1257 1152 veniente
1272 1097 1333 1166 dea,
1347 1097 1525 1167 matrina-que
1540 1099 1665 1153 remissis

994 1189 1094 1247 {lenus
1108 1200 1135 1246 et
1149 1205 1215 1244 urna
1226 1189 1325 1245 ‹adunt
1338 1206 1345 1244 ι
1360 1189 1445 1244 reniae
1460 1198 1516 1245 tntu
1532 1191 1615 1246 rerba
1632 1193 1739 1261 paranti

994 1279 1040 1334 illa
1055 1279 1127 1348 prior
1144 1278 1249 1334 :Venio
1264 1277 1397 1333 rtotranm
1414 1280 1528 1348 presule
1541 1293 1635 1336 nostro

994 1370 1045 1425 i’er
1060 1381 1085 1427 te
1099 1371 1120 1425 si
1133 1372 1237 1440 placeat
1251 1370 1377 1442 lacrymis
1392 1370 1530 1427 inlieetere
1542 1371 1668 1442 lionam,

995 1461 1107 1531 Espetat
1120 1477 1225 1516 anrurae
1237 1471 1338 1531 partes,
1354 1460 1478 1530 lastuque
1492 1472 1598 1519 remoto

995 1552 1050 1608 iloc
1063 1568 1143 1609 unum
1157 1561 1274 1623 praestet,
1290 1553 1345 1623 jorn
1359 1555 1421 1624 plus
1435 1553 1562 1624 dignetur
1583 1557 1682 1610 amari.

995 1645 1099 1702 instrue
1113 1661 1179 1717 quas
1194 1654 1298 1717 qumral
1309 1647 1390 1713 sires,
1406 1647 1628 1718 orbiquejacenti

959 1739 1054 1808 BQuo
1068 1747 1161 1810 poscat
1172 1739 1215 1794 oie
1230 1740 1295 1797 orbe
1308 1748 1389 1809 caput
1403 1757 1410 1795 ε
1423 1755 1614 1811 quemcunque
1627 1745 1734 1799 crearit

996 1845 1007 1872 ι
1026 1836 1083 1889 Ate
1098 1849 1157 1889 nreo
1169 1845 1271 1901 natum,
1283 1835 1426 1892 corricstim
1439 1835 1517 1906 ircgit
1528 1837 1554 1891 in
1572 1837 1628 1902 iilo,

994 1924 1101 1994 imperii
1117 1924 1224 1980 iortuna
1241 1934 1313 1980 rotas
1326 1943 1333 1978 :
1347 1922 1360 1963 ἃ
1374 1925 1437 1981 irinc
1448 1925 1585 1981 Vandalus
1599 1927 1686 1984 bostis

995 2013 1087 2084 Urget,
1098 2022 1126 2070 et
1139 2015 1165 2069 in
1179 2027 1301 2069 nostrum
1314 2030 1455 2073 numerosa
1467 2019 1554 2073 classe
1572 2020 1721 2088 quotannis

994 2107 1088 2161 liiiitnt
1102 2106 1233 2161 excidium
1244 2123 1252 2173 ;
1263 2122 1446 2179 conversoque
1456 2108 1548 2164 ordine
1562 2107 1609 2165 iati

994 2197 1107 2256 Torrida
1123 2198 1273 2256 Caucaseos
1286 2200 1367 2256 inlett
1381 2201 1445 2256 mibi
1461 2202 1543 2274 Byrsa
1556 2203 1673 2259 iurares.

995 2292 1127 2348 Praeterea
1145 2302 1157 2330 0
1172 2293 1287 2348 invictas
1299 2294 1427 2364 illelmo,
1439 2311 1518 2365 quent
1533 2296 1641 2366 publica
1658 2296 1710 2350 iota

994 2380 1159 2452 uesperum,
1178 2384 1286 2453 proprio
1299 2385 1374 2439 solos
1385 2385 1429 2438 rix
1441 2386 1525 2441 ilarte
1539 2386 1648 2456 repellit

994 2475 1109 2529 Piratatn
1127 2491 1174 2546 per
1185 2490 1246 2530 rura
1264 2491 1370 2546 rogum,
1385 2477 1429 2546 qni
1445 2477 1535 2546 praelia
1551 2478 1652 2545 vitans,

993 2566 1127 2621 Victorem
1144 2565 1270 2637 ingitiras
1284 2568 1357 2637 agit:
1373 2569 1434 2638 quis
1448 2567 1558 2624 sufferat
1572 2570 1678 2626 bostem

993 2658 1043 2726 Qui
1059 2675 1151 2730 pacem
1169 2675 1338 2730 pugnamque
1349 2662 1445 2731 negati
1457 2678 1518 2717 nam
1535 2663 1638 2718 ioedera
1654 2665 1728 2719 nola

994 2751 1061 2809 Cana
1074 2752 1207 2808 Ricimere
1217 2752 1283 2821 lacit
1296 2770 1303 2807 :
1316 2768 1395 2822 quem
1408 2768 1456 2808 eur
1467 2753 1547 2809 nimis
1557 2755 1654 2824 oderit,
1671 2756 1744 2810 amii.

994 2847 1129 2903 incertum
1144 2856 1236 2914 crepat
1251 2844 1296 2900 iiic
1309 2857 1425 2915 patrem,
1437 2860 1497 2901 cam
1510 2861 1586 2902 serva
1602 2848 1637 2902 sit
1655 2849 1693 2902 illi

993 2939 1072 2996 Certa
1088 2953 1205 3010 parens:
1220 2953 1291 2994 nunc
1301 2946 1330 2992 ut
1342 2939 1413 3009 regis
1426 2940 1462 2995 sit
1483 2939 1565 3004 illins,
1584 2938 1664 2996 effert

995 3030 1086 3086 lintris
1095 3029 1257 3086 adulterium
1269 3045 1277 3097 ;
1290 3040 1345 3084 tum
1361 3031 1424 3088 liret
1434 3032 1504 3102 quod
1520 3032 1682 3089 Ricimerem

186 3233 200 3263 ·
220 3223 285 3277 Pars
309 3221 392 3277 altera
417 3221 579 3291 panegyrii,
607 3232 667 3292 que
688 3221 792 3292 imperii
820 3221 937 3291 auspicia
952 3221 976 3286 c
992 3220 1142 3286 provincias
1153 3220 1270 3276 assidms
1285 3221 1483 3276 incursionibus
1498 3222 1618 3292 populari
1628 3236 1681 3278 nnn
1694 3223 1775 3281 desiit

150 3296 280 3358 eontinet,
293 3309 372 3359 quam
387 3292 491 3362 poetico
502 3293 581 3361 genio
592 3303 745 3362 pertractat.
760 3293 935 3363 Fingitenirm
991 3300 1063 3346 tanta
1076 3292 1117 3346 stri
1133 3290 1240 3356 fidncia,
1254 3301 1284 3345 ut
1295 3292 1476 3362 interrogante
1487 3294 1631 3363 aliquando
1642 3296 1781 3362 nauclero,

150 3375 255 3420 mortno
280 3368 390 3426 severo,
416 3362 528 3429 ltaliam,
549 3378 609 3416 cum
631 3363 751 3434 principe
771 3374 886 3428 careret,
903 3365 936 3418 ad
989 3376 1076 3430 corruo
1095 3360 1152 3416 reia
1176 3361 1233 3416 dari
1257 3362 1373 3428 juberet,
1396 3365 1567 3432 respondisse
1591 3362 1705 3431 lerator,
1727 3367 1785 3433 Qum

150 3435 254 3491 'liberis
266 3433 479 3498 irrumpendam,
497 3447 529 3486 ac
549 3433 706 3504 rogassemi
718 3434 810 3488 Austro
827 3449 937 3501 persua·
990 3433 1059 3487 bens
1071 3430 1215 3496 impulerit.
1243 3431 1281 3486 Er
1297 3448 1351 3500 quo
1372 3433 1497 3488 nimirum
1523 3443 1606 3503 patet.
1630 3449 1679 3489 cnr
1699 3437 1784 3507 plima

149 3505 221 3571 dent,
235 3515 263 3560 ut
275 3505 308 3559 atl
323 3503 452 3558 Auroram
465 3513 567 3573 pergat,
582 3503 782 3574 principemque
796 3505 831 3559 ab
845 3521 876 3559 ea
892 3521 938 3574 pc·
987 3519 1065 3573 eoque
1084 3501 1195 3557 Sidonio
1217 3500 1331 3566 dicatur,
1353 3514 1380 3557 et
1402 3503 1482 3558 bortis
1497 3506 1642 3574 repentinas
1658 3504 1784 3562 Tlreodo·

149 3584 205 3642 tat;
219 3580 349 3630 Auroram
360 3590 425 3628 uero
439 3575 610 3629 Anthemium
623 3575 715 3628 llornre
733 3574 856 3644 precibus
868 3590 936 3630 cou-
987 3575 1046 3629 rico
1058 3574 1113 3644 regi
1127 3572 1197 3641 apud
1218 3571 1375 3628 Smatmcm
1390 3588 1400 3627 ι
1415 3573 1517 3628 variar.
1535 3574 1564 3643 l,
1583 3583 1613 3631 et
1633 3577 1784 3644 rpentirrrts

149 3644 375 3714 coronamque
390 3644 484 3698 borum
495 3643 613 3700 omnium
630 3658 759 3714 personas
770 3655 798 3701 et
808 3659 936 3716 congres·
987 3647 1043 3716 ejus
1056 3643 1175 3697 incursae
1188 3653 1211 3695 et
1229 3643 1335 3710 fortuito
1350 3644 1519 3712 depredatio,
1544 3648 1641 3699 cunctis
1653 3644 1785 3701 littoribus

149 3714 311 3786 sospoetico
322 3729 397 3769 more
411 3713 548 3769 describit.

183 3782 199 3826 ⁸
214 3785 305 3840 Libius
320 3784 496 3865 severusque
507 3784 579 3839 enirn
591 3791 688 3839 vocant
700 3796 806 3843 sereres
820 3784 935 3855 nummi)

987 3713 1162 3837 perentiendo,
1176 3712 1295 3768 privetis
1310 3713 1499 3782 Valentiniani,
1518 3725 1635 3783 quaeest
1656 3715 1693 3771 20
1713 3721 1784 3772 inter

1011 3783 1198 3839 beodosianss.
1213 3783 1280 3849 Quia
1298 3784 1378 3852 igitur
1393 3795 1490 3852 preter
1509 3801 1613 3840 morem
1630 3795 1686 3846 est.
1705 3797 1736 3841 ut
1749 3787 1784 3842 ab

150 3862 211 3924 post
231 3855 333 3909 caedem
351 3853 506 3923 lipomani,
528 3853 670 3910 ilicimeris
691 3870 772 3922 opera
793 3855 935 3927 imperinm
987 3852 1075 3908 Airica
1091 3853 1193 3907 irruant
1204 3852 1322 3923 Scythae,
1335 3855 1386 3910 lroc
1400 3854 1561 3910 estlandali
1574 3863 1602 3910 et
1614 3857 1784 3927 Alaul‚qoos

149 3925 235 3980 tenuit
253 3939 285 3977 ea
308 3940 334 3978 a.
357 3938 383 3977 n.
405 3938 450 3977 xm
472 3923 575 3981 calend.
603 3923 729 3980 Decemb.
750 3926 816 3991 lom
839 3926 936 3982 detnue
986 3923 1050 3979 aiibi
1061 3921 1255 3994 Caucasigenas
1270 3934 1357 3988 rorent,
1370 3923 1433 3978 ltine
1447 3925 1571 3997 estquod
1587 3930 1649 3984 ait:

169 4004 247 4050 uartn
260 4004 320 4065 post
335 4007 407 4048 anno
419 3991 555 4061 ejusdem,
573 4002 602 4048 ιιι
616 3993 685 4050 lama
702 4004 772 4059 crat.
793 3994 935 4052 Ricimeris

149 4009 214 4120 ³010
221 4064 740 4134 castincmsestrrmcalend.Septemb.
747 4064 933 4121 Cassiodorus:

151 4132 327 4190 Hermiuerico
339 4143 362 4188 et
376 4132 500 4188 Basilisco
512 4150 577 4190 coss.
590 4133 641 4189 His
655 4137 812 4200 consulibus,
830 4145 858 4190 ut
870 4137 936 4192 dici·

149 4214 202 4272 tttr,
219 4204 351 4260 ilicirneris
366 4204 457 4275 froude
472 4204 581 4261 Seuerum
597 4205 685 4260 Rome
697 4207 724 4259 itt
735 4205 831 4274 palatio
842 4221 935 4261 tensam

195 4280 351 4344 emptusert.
367 4273 419 4329 Alii
443 4288 490 4328 sua
512 4285 599 4330 morte
621 4274 739 4330 iunctum
764 4276 883 4343 tradant,
907 4290 935 4332 ιιι

188 4345 246 4400 rrius
260 4346 390 4400 diaconas
405 4344 449 4398 tib.
463 4360 498 4399 rr.
514 4344 590 4412 Quod
602 4345 726 4400 Sidonius
739 4360 844 4414 quoquc
855 4346 935 4403 intel·

149 4413 194 4487 ligi
207 4415 301 4479 voluit,
314 4429 376 4470 cunr
389 4426 489 4469 staturae
500 4415 558 4484 lego
567 4424 699 4469 mortuum
714 4417 770 4470 ait:
791 4412 849 4472 sire
863 4420 932 4487 quod

150 4485 185 4539 ita
200 4485 396 4550 crederet‚sive
407 4495 435 4540 ut
449 4485 748 4542 RicimeremAntbemii
758 4502 886 4557 generum
900 4490 934 4544 ab

150 4567 182 4610 ee
197 4566 258 4609 nota
276 4555 431 4611 vindicaret.
451 4556 594 4612 incidmus
609 4558 635 4610 in
652 4556 759 4612 brerem
777 4559 932 4629 indiculum,

1232 4057 1405 4118 Consterro'me
1421 4059 1509 4109 ordine
1522 4057 1562 4108 lati

1062 4118 1165 4170 Torrida
1177 4118 1313 4170 Caucaseos·
1323 4120 1396 4170 infert
1410 4122 1467 4170 trabi
1479 4121 1552 4185 Byrsa
1564 4120 1675 4174 iurares

986 4243 1018 4298 Et
1031 4241 1196 4297 carmine-25
1206 4241 1451 4307 eadumantitbcsi,
1465 4240 1586 4298 Genseri.
1596 4256 1643 4297 um
1658 4243 1755 4299 disits

1288 4376 1409 4424 Atrtcane

1138 4435 1244 4485 Telluris
1254 4436 1349 4486 i'euaiti
1365 4451 1405 4485 utu
1415 4436 1544 4487 rebellem.

953 4598 979 4659 D
1027 4573 1039 4602 e
1059 4564 1137 4632 erod
1153 4564 1311 4621 Ricimerem
1323 4565 1412 4620 iaudat
1427 4566 1563 4632 Sidonius.
1576 4568 1715 4627 Anthemii
1737 4573 1784 4634 troi

149 4623 292 4679 iosdniani
320 4626 483 4692 temporibus
510 4629 655 4696 scriptum.
684 4629 710 4681 in
730 4643 785 4697 quo
808 4630 939 4699 principes
992 4649 1120 4704 generum
1143 4634 1215 4690 iilum
1240 4637 1372 4694 asciverat
1397 4642 1489 4707 gratiae
1515 4640 1701 4708 imputandum
1730 4654 1784 4700 est.

150 4710 245 4750 omncs
257 4694 422 4763 abAngusto
437 4707 501 4778 quot
517 4698 593 4752 annis
609 4699 755 4766 regnariut,
779 4700 822 4755 ubi
841 4708 868 4754 et
886 4717 941 4769 qno

150 4778 248 4853 genere
267 4765 331 4820 ictbi
355 4765 493 4833 perierint,
518 4767 608 4834 paucis
622 4767 781 4831 explicatur.
805 4770 882 4842 112
901 4770 941 4827 De

150 4839 346 4890 bereroautcm
357 4833 396 4888 sic
408 4834 487 4890 babet
500 4853 508 4893 a
522 4836 631 4891 Severus
647 4835 735 4892 llomae
746 4838 876 4910 imperant
892 4858 940 4895 nn·

151 4906 191 4959 rtt's
197 4903 224 4970 l,
232 4904 315 4973 ibique
321 4904 436 4976 religiose
447 4907 529 4960 olores
539 4908 655 4963 decessit.

188 4974 321 5042 ⁰iluplea
334 4989 414 5030 causa
437 4990 485 5030 cur
507 4977 654 5046 principem
671 4978 705 5035 ab
730 4976 839 5036 Oriente
865 4985 938 5045 posci

151 5043 225 5099 velit.
250 5045 306 5100 lina
330 5047 401 5114 quod
423 5046 496 5100 breui
522 5058 601 5118 atque
623 5049 883 5122 inauspicatoreguo
897 5057 937 5108 usi

994 4705 1098 4775 Alioqui
1114 4721 1206 4775 parurn
1221 4720 1308 4762 causa}
1323 4708 1411 4762 babuit
1425 4722 1474 4764 eur
1486 4708 1621 4766 bominem
1636 4723 1754 4778 amaret,
1768 4730 1784 4770 a

994 4790 1049 4900 quo
1070 4779 1177 4859 Aritarn
1196 4791 1321 4859 socerum
1344 4791 1590 4861 pprpurancsumm
1609 4785 1784 4864 meminerat.

1019 4857 1058 4900 rat
1075 4862 1098 4900 rs
1112 4861 1237 4914 pmrrcrus
1251 4856 1279 4902 et
1297 4857 1425 4917 magister
1441 4850 1576 4904 maiatum:
1599 4867 1651 4917 ιιι,
1676 4864 1704 4909 ιιι
1721 4853 1785 4910 Jor-

994 4917 1096 4997 nandes
1109 4916 1213 4999 scribit,
1225 4919 1352 5001 egregius·
1364 4927 1391 4974 et
1407 4921 1434 4973 in
1454 4933 1493 5002 re.
1506 4921 1599 4976 bellica
1618 4933 1676 4978 tarn
1698 4940 1785 5008 propo

991 4987 1655 5129 llttlt‘tr*lltll'lbl‘ltlitlabii,
1667 4994 1784 5134 list

150 5117 204 5168 sint
223 5114 472 5199 indigenaromnesq
490 5119 534 5186 qni
552 5119 823 5203 superioribusarmis
843 5137 937 5190 tegna-
989 5128 1037 5183 sad
1057 5127 1231 5196 Maiorianum
1252 5130 1360 5194 occidit,
1385 5140 1413 5185 et
1435 5129 1577 5194 Seuerum.
1596 5133 1620 5187 si
1643 5148 1709 5190 sera
1733 5134 1785 5192 iat

151 5195 230 5251 rant,
252 5187 396 5264 biaxmms,
410 5189 738 5274 ,Aratus-‚itmorrsnus'
751 5201 779 5248 et
798 5190 933 5273 'Seuerus
989 5199 1069 5260 lama,
1092 5199 1162 5253 clam
1184 5200 1301 5255 sustulit.
1326 5200 1497 5257 Anthemium
1524 5217 1632 5271 quoque
1653 5219 1785 5263 socerum

151 5255 249 5336 Altera.
266 5255 337 5325 quod
362 5256 488 5339 inermen
506 5274 552 5326 qm
571 5269 630 5326 post
647 5262 739 5316 Seven
760 5265 861 5316 obitum
887 5280 934 5331 per
988 5267 1074 5336 ipsum
1094 5269 1295 5336 beiloadortus
1311 5269 1393 5325 Ruina
1412 5283 1501 5339 capta.
1519 5275 1623 5328 necarit
1637 5291 1645 5327 r
1659 5276 1785 5333 nondum

151 5335 333 5408 interregnpm
356 5326 546 5409 rempublicam
568 5333 766 5394 moderabatur.
788 5333 933 5389 Geuserico
987 5339 1091 5395 seilicet
1105 5355 1119 5391 a
1133 5341 1282 5406 principum
1294 5341 1589 5411 sangninedestitorus,
1601 5343 1786 5408 nisionmlra-

151 5394 225 5477 solas
247 5408 373 5452 resistcre
397 5410 449 5450 nnn
470 5408 563 5465 posu.
584 5400 670 5477 Qarare
690 5404 877 5459 mammonin
905 5415 934 5460 ut
987 5408 1089 5474 gesimo
1104 5410 1160 5476 ipse
1171 5412 1322 5478 postsoceri
1338 5425 1430 5466 necem
1440 5410 1483 5467 die
1498 5413 1658 5471 interiisset.
1668 5416 1784 5472 liiattmr

152 5463 225 5520 rlitne
236 5467 379 5535 imperatur
390 5468 566 5534 retruntictur,
574 5484 618 5539 qm
626 5469 670 5526 diu
681 5483 708 5527 et
719 5472 831 5529 feliciter
843 5488 936 5546 regnet
985 5478 1024 5534 illi
1037 5495 1139 5603 qenes,
1154 5480 1201 5535 sed
1216 5482 1318 5550 regium
1337 5481 1479 5552 utrinqne,
1493 5497 1568 5552 putre
1578 5483 1682 5544 Sacra.
1694 5503 1785 5541 marm

152 5530 480 5606 vandalosquecoercent.

986 5549 1037 5604 Gut
1058 5565 1083 5613 a,
1102 5549 1192 5605 viritim
1206 5565 1275 5620 regas
1292 5550 1362 5614 illia,
1378 5565 1465 5618 coque
1482 5554 1597 5608 nobilior
1609 5570 1695 5625 quam
1712 5558 1784 5611 tit-rr·

185 5601 423 5689 ‘Gensericusea
438 5626 491 5678 aquo
503 5609 690 5693 Cartbaginem
710 5614 797 5684 cepit,
812 5615 859 5671 sed
874 5627 933 5686 post
984 5625 1099 5684 sericos,
1123 5621 1168 5690 qni
1194 5618 1374 5688 Grindegisclo
1397 5624 1508 5692 quidem
1531 5639 1604 5696 rege.
1631 5628 1682 5682 ead
1696 5639 1784 5687 murt

149 5683 289 5731 emessam
301 5691 435 5747 praecipue
453 5680 640 5750 llaleuumum,
650 5696 653 5701 ’
665 5685 801 5757 utriusque
826 5687 932 5757 imperii
986 5694 1180 5761 serraspun'us
1192 5701 1332 5746 natusest.
