3788 6120
124 281 175 340 m
602 274 646 331 DE
665 271 921 332 subsecutione
941 273 1134 331 vnubtttca
1155 273 1219 331 titt.
1239 275 1270 330 ll.
1690 277 1749 344 alu

126 397 150 448 iu
174 389 295 460 partibus
316 388 438 445 Thraciae
457 397 485 442 et
503 387 563 440 aliis
590 385 743 454 regionibus
764 386 911 451 constituti,
925 390 949 445 Α
963 387 1032 441 uersi
1055 389 1081 440 in
1096 387 1247 442 siccensem
1269 397 1295 442 ct
1317 386 1459 445 larensem
1484 390 1619 462 civitates,
1640 406 1667 450 ιιι
1683 396 1746 456 illuc

125 481 214 551 peiora
229 478 359 548 incipient
381 478 444 547 pati,
461 476 591 546 Praecepit
611 476 707 532 deinde
721 491 811 532 sacras
826 475 908 546 virgi·
959 487 1132 531 occurrentes
1146 476 1228 531 hianti
1241 517 1248 538 ,
1263 476 1313 530 sibi
1337 477 1445 534 traditos
1460 481 1492 534 ad
1514 496 1634 538 eremum
1649 487 1746 555 perdu-

124 587 171 628 nes
193 569 361 640 congregari,
385 568 502 636 dirigens
525 566 661 622 vandalos
673 582 733 621 eum
747 581 802 622 suat
824 567 910 635 gentis
959 575 1061 622 cerent.
1075 567 1300 635 supervenientes
1316 567 1393 636 igitur
1407 570 1519 625 comites
1531 571 1584 629 duo
1599 575 1746 633 numilitate

123 661 311 719 obstetricibus
324 660 358 714 ad
371 668 384 696 ⁸
399 658 564 728 inspicienda
583 666 610 713 et
633 659 823 713 contrectanda
845 672 910 713 con-
958 657 1122 726 damuabili,
1146 657 1252 713 blandis
1264 660 1432 714 sermonibus
1452 676 1513 717 curn
1526 663 1572 718 Dei
1585 664 1745 723 confessori-

123 765 162 809 tra
186 752 248 823 jura
272 750 441 806 verecundie
466 749 615 804 verecunda
640 749 769 818 pudoris,
793 749 837 804 ulri
859 764 909 805 nec
959 747 1007 802 bus
1021 759 1249 817 agerecoeperunt
1268 763 1276 802 :
1295 746 1362 813 Quid
1375 748 1459 816 robis,
1481 751 1615 821 inquiunt,
1630 755 1743 823 ridetur,

124 852 223 898 matres
244 842 366 907 aderant,
382 855 431 895 uec
451 840 540 908 aliqua
559 840 752 895 catholicarum
775 849 910 894 matrona·
959 850 987 892 ut
1003 839 1037 891 ita
1061 839 1209 907 pertinaces
1229 838 1309 902 sitis,
1333 846 1360 893 et
1375 838 1474 894 domini
1498 842 1581 896 nostri
1605 848 1746 914 preceptis

124 947 191 988 runt.
208 932 281 998 Quas
293 929 341 1002 [al.
357 927 517 999 cruciantes]
531 939 687 996 torquentes
701 929 773 998 graui
792 943 906 997 suspen·
959 927 1069 984 minime
1082 928 1283 999 obtemperetis,
1298 931 1414 998 quiesse
1429 932 1548 1000 poteritis
1560 933 1588 988 in
1602 946 1745 1006 conspecta

123 1026 177 1089 dio,
192 1034 273 1093 atque
286 1023 401 1093 ingentia
422 1021 540 1092 pondera
555 1021 669 1090 pedibus
683 1019 851 1090 colligantes,
868 1020 908 1074 la·
959 1021 1030 1090 regis
1052 1019 1241 1086 honorabiles,
1267 1022 1288 1075 si
1304 1022 1364 1090 eius
1376 1021 1508 1079 festinetis
1520 1023 1609 1082 iacere
1622 1028 1744 1084 volunta-

124 1114 262 1185 minasque
286 1114 349 1169 lerri
376 1113 472 1183 ignitas
496 1114 587 1179 dorso,
616 1112 712 1176 uentri,
733 1112 857 1164 mamillis
881 1120 909 1167 et
959 1115 1033 1168 tera?
1051 1115 1148 1169 statim
1171 1114 1223 1170 illis
1238 1114 1543 1186 iugentiroeiicratione
1557 1119 1743 1187 clamantibus,

125 1206 249 1261 lateribus
263 1203 444 1275 ²t²tt0neb=ruu
454 1203 557 1270 Quibus
579 1204 649 1257 inter
661 1200 789 1271 supplicia
804 1199 909 1256 diceba·
959 1215 986 1261 et
999 1205 1150 1262 dicentibus
1166 1225 1173 1260 ι
1190 1207 1334 1264 Christiani
1357 1223 1459 1276 snmus,
1482 1212 1608 1267 catholici
1628 1228 1743 1269 sumus:

125 1298 284 1354 tar:llicite
298 1297 424 1366 quoniaru
439 1296 556 1365 episcopi
569 1294 705 1348 nobiscum
716 1293 907 1361 oorcumhurrt,
958 1295 1116 1354 Trinitatem
1139 1313 1220 1354 unum
1252 1299 1334 1354 Mum
1367 1300 1554 1358 inuiolabiliter
1574 1304 1743 1372 confitemur„

124 1397 152 1445 cl
166 1389 260 1443 clerici
273 1387 370 1452 uestri,
386 1400 498 1456 quarum
509 1386 653 1440 acerbitate
673 1397 812 1452 paenarum
827 1383 908 1452 pluri·
958 1386 1130 1442 includuntur
1152 1389 1266 1458 gratiori
1281 1389 1404 1458 quidem,
1429 1390 1476 1445 sed
1497 1391 1585 1448 adlruc
1598 1392 1686 1448 latiori
1699 1408 1744 1449 ru-

124 1492 179 1534 tuas
192 1485 257 1533 tunc
269 1477 372 1531 scimus
383 1478 541 1531 exstinctas.
558 1475 622 1529 llic
634 1488 693 1543 qua
709 1481 907 1540 remanserunt,
958 1481 1061 1543 studia:
1082 1481 1127 1535 uhi
1141 1481 1216 1536 nolis
1231 1481 1307 1548 copia
1322 1481 1437 1537 dabatur
1450 1482 1575 1550 introire3
1594 1495 1623 1540 et
1634 1486 1744 1542 verboru

122 1571 226 1625 cotibus
246 1566 433 1623 arescentibus
457 1566 532 1621 laetae
554 1575 617 1620 sunt
636 1563 909 1620 committebantur
958 1568 1148 1625 admonitionis
1173 1570 1297 1626 iratribus
1322 1571 1429 1637 lacera,
1455 1583 1482 1627 et
1505 1573 1595 1629 divina
1618 1578 1744 1648 mysteria

121 1663 192 1719 enim
205 1661 331 1717 semitam
345 1659 466 1715 inuenire
478 1673 525 1728 per
536 1659 612 1725 cujus
635 1656 749 1727 aditum,
765 1656 906 1726 publicam,
958 1659 1107 1714 celebrare.
1123 1660 1161 1715 lbi
1175 1670 1202 1716 et
1217 1660 1340 1715 iulantuli
1353 1660 1428 1717 luere
1442 1663 1644 1733 quamplurimi,
1658 1665 1743 1739 [hon.

122 1755 190 1811 sicut
211 1754 286 1821 iecit,
312 1750 413 1808 laceret
436 1750 658 1820 persecutionem.
682 1750 715 1805 Et
734 1752 768 1804 ita
793 1750 902 1813 iaciens,
919 1734 1020 1822 llqui]
1043 1766 1110 1821 quos
1130 1751 1273 1821 genitrices
1297 1762 1417 1808 materno
1439 1755 1619 1825 sequebantur
1637 1757 1743 1824 adiectu,

123 1845 194 1900 uallo
216 1841 297 1899 nrodo
317 1841 478 1912 investigare
492 1840 577 1910 potuit
590 1839 724 1910 utromodo
742 1838 840 1895 Clrristi
857 1842 905 1895 Ec·
955 1840 969 1880 ἃ
994 1843 1055 1899 aliae
1079 1844 1244 1913 gaudentes,
1268 1845 1326 1900 alie
1351 1847 1456 1910 tristes,
1476 1847 1535 1902 alia
1560 1849 1743 1916 retrahentem

122 1935 229 1994 elesiarn
245 1934 402 1989 macularet.
956 1937 1016 1991 alie
1026 1937 1178 2006 gaudebant
1190 1951 1219 1993 se
1230 1946 1361 2008 martyres
1373 1939 1519 2008 peperisse,
1528 1939 1588 1995 aliae
1599 1942 1744 2009 moliendo,

156 2029 207 2102 17
222 2026 288 2084 titt.
302 2026 404 2081 Fideles
413 2028 439 2080 in
451 2024 569 2080 exsilium
579 2024 806 2092 pulsi-Quibus
816 2033 903 2080 autent
955 2029 1055 2085 diluvio
1076 2030 1292 2098 rebaptizationis
1308 2030 1458 2086 nitebantur
1471 2046 1486 2086 a
1501 2032 1671 2090 consessione
1683 2033 1743 2090 lldei

122 2134 267 2192 prosequar
279 2116 903 2189 huminibuslacrymarunr,quaudoepiseopns,
957 2134 1094 2177 reuocare.
1110 2121 1215 2176 Nullum
1230 2128 1318 2176 tarnen
1335 2132 1397 2178 tunc
1419 2137 1468 2179 nec
1483 2122 1662 2180 blandimenta
1675 2125 1744 2181 rice·

123 2211 311 2281 presbyteros,
325 2207 453 2264 diaconos
466 2216 493 2262 et
507 2208 556 2261 alla
574 2207 700 2263 Ecclesiae
722 2207 841 2263 membra
855 2247 863 2270 .
878 2208 905 2262 id
956 2223 1039 2274 runt,
1056 2227 1106 2267 nec
1128 2213 1244 2268 carnalis
1260 2213 1344 2280 pietas
1356 2214 1471 2284 aliquem
1487 2215 1625 2272 inclinarit
1638 2217 1671 2271 ad
1692 2228 1744 2272 ter·

123 2308 170 2365 est,
183 2308 301 2370 quatuor
326 2297 407 2352 millia
430 2305 576 2366 nongentos
593 2295 606 2335 b
619 2296 785 2366 septuaginta
799 2312 857 2362 sex,
872 2297 904 2352 td
956 2319 1024 2359 ram.
1039 2304 1104 2359 Nam
1117 2304 1238 2373 quedam
1259 2313 1321 2359 tunc
1342 2306 1405 2374 quid
1420 2307 1513 2362 iecerit
1532 2322 1614 2373 anus,
1629 2309 1744 2364 breviter

123 2391 241 2446 etlilium
255 2388 341 2442 caetui
352 2387 510 2441 destinarit?
527 2386 661 2455 inquibus
679 2397 757 2443 erunt
772 2388 906 2458 podagrici
957 2395 1278 2452 relerrerielectat.1)um
1295 2398 1346 2453 iter
1359 2412 1500 2468 ageremus
1520 2414 1581 2455 cunt
1597 2401 1644 2456 [lei
1663 2416 1743 2457 exer-

122 2496 196 2548 quam
212 2479 320 2550 plurimi
332 2520 339 2541 ,
353 2479 396 2532 alii
421 2487 529 2549 propter
541 2488 645 2534 aetatem
661 2494 789 2534 annosum
806 2479 906 2535 lumine
956 2485 1010 2540 citu
1025 2484 1205 2550 comitantes,
1219 2495 1246 2541 et
1260 2486 1328 2542 forte
1342 2488 1425 2557 magis
1439 2489 1560 2543 noctilms
1575 2505 1742 2557 promovere·

125 2570 259 2639 tenporali
285 2568 390 2638 priuati.
415 2567 443 2622 ln
467 2582 579 2638 qaorum
602 2578 660 2623 erut
683 2584 795 2623 numero
812 2570 906 2624 heatus
958 2588 1016 2630 ntus
1028 2583 1137 2645 propter
1148 2575 1214 2630 solis
1226 2575 1548 2646 ardoreur,conspicimus
1559 2580 1741 2636 mulierculam

127 2661 193 2718 Felix
208 2660 405 2716 tabbiritanus
419 2661 572 2729 episcopus,
584 2660 750 2729 lrahcnsjam
762 2661 788 2715 in
800 2662 905 2731 episco·
957 2666 1112 2731 saeculum,
1128 2675 1155 2720 et
1174 2666 1224 2720 alia
1239 2667 1397 2721 vestimenta
1420 2676 1569 2736 portantem
1583 2710 1592 2736 ,
1606 2685 1685 2724 manu
1701 2671 1743 2725 iu·

127 2763 180 2824 pttu
194 2750 655 2824 liffldragiutaquatuoranuos,qui
669 2753 798 2823 paralysis
812 2754 906 2810 nrorbo
958 2755 1088 2810 lentulum
1112 2771 1196 2810 unum
1224 2765 1378 2821 tenentem,
1399 2766 1478 2825 atque
1503 2757 1545 2812 his
1574 2760 1743 2817 sermonibus

128 2861 282 2915 percussus,
307 2860 357 2900 nec
370 2845 502 2900 sentiebat
513 2846 666 2915 quidquam,
681 2859 731 2899 nec
750 2846 854 2913 penitus
868 2847 906 2902 lo·
957 2847 1142 2903 consolantem
1157 2844 1270 2910 silurus,
1286 2845 1395 2901 domine
1410 2860 1494 2901 meus.
1511 2846 1591 2904 Vides
1605 2848 1743 2906 universos

129 2939 259 3007 qaebatur.
275 2936 313 2992 he
333 2952 386 3004 quo
410 2950 460 2990 nos
473 2937 587 2990 maxime
602 2936 750 3007 cogitantes
762 2937 832 3007 quod
853 2953 907 2993 unu
958 2946 1065 2994 sanctos
1087 2937 1221 3007 quomodo
1243 2945 1377 3007 pergunt,
1400 2949 1427 2993 et
1451 2938 1578 2996 festinant
1592 2941 1693 2997 hilares
1706 2944 1740 2996 ad

130 3037 209 3095 posset
223 3028 349 3098 jumento
371 3025 492 3095 portari,
517 3028 696 3096 suggessimus
718 3036 746 3081 ut
759 3042 775 3081 a
789 3028 845 3084 suis
859 3043 906 3084 rex
958 3030 1103 3087 eoronam?
1122 3029 1207 3096 Quam
1221 3043 1344 3085 nuscum
1365 3031 1583 3100 increparemus,
1605 3037 1679 3104 equod
1696 3016 1747 3097 idn·

132 3129 264 3187 peteretur,
278 3127 307 3173 ut
330 3117 425 3172 saltent
449 3133 509 3173 euru
534 3133 647 3187 propere
661 3119 818 3174 moriturum
839 3118 904 3175 Car·
919 3097 942 3161 C
959 3129 1069 3192 portuna
1081 3120 1228 3187 rideretur,
1241 3131 1287 3174 aut
1300 3121 1365 3176 uiris
1375 3136 1424 3190 pro
1437 3136 1503 3180 sexu
1516 3123 1600 3195 jungi,
1614 3136 1659 3180 aut
1671 3141 1744 3183 exer-

132 3209 218 3281 tlagini
241 3224 305 3266 osse
324 3209 443 3278 jrrberet,
466 3211 527 3280 quia
543 3209 576 3264 ud
591 3211 712 3266 exsilium
728 3211 800 3265 nullu
814 3222 906 3280 posset
956 3211 1020 3268 citui
1032 3211 1130 3267 Christi
1151 3211 1258 3279 sociari,
1275 3214 1414 3284 respoudit
1431 3232 1438 3269 :
1457 3215 1621 3283 Benedicite,
1636 3217 1744 3274 henedi-

133 3303 220 3357 ratione
240 3303 361 3371 perduci.
383 3302 484 3369 Quibus
500 3303 536 3355 ita
552 3301 635 3356 lertur
649 3302 778 3372 tyrannus
789 3317 850 3357 curu
866 3305 905 3356 lu·
956 3303 1028 3370 cite,
1044 3314 1072 3358 et
1093 3312 1169 3356 orate
1183 3315 1233 3369 pro
1254 3317 1318 3371 me,
1341 3314 1368 3358 et
1391 3319 1439 3371 pro
1458 3307 1510 3360 isto
1525 3307 1634 3375 paruulo
1649 3320 1746 3378 nepote

134 3405 182 3448 rore
191 3392 291 3448 dixisse
301 3409 308 3441 ι
320 3393 349 3446 al
362 3388 469 3447 'animali
484 3395 577 3447 scriem
588 3407 641 3446 non
655 3401 751 3461 potest,
761 3393 906 3463 jungantur
957 3410 1033 3460 meo;
1053 3394 1124 3463 quia,
1142 3392 1192 3447 etsi
1209 3393 1355 3461 peccatrix,
1375 3395 1427 3448 iilia
1443 3408 1501 3449 sum
1514 3395 1649 3464 quondam
1664 3405 1676 3435 ⁸
1693 3397 1745 3452 Zu-

136 3478 201 3539 hores
213 3483 348 3551 indomiti,
359 3485 402 3552 qui
416 3498 476 3538 cum
492 3482 644 3552 colligatum
659 3482 766 3537 lunibus
777 3486 906 3540 trahendo
958 3485 1051 3539 ritauae
1065 3481 1182 3538 ciuitatis
1195 3484 1321 3551 episcopi.
1338 3483 1385 3535 Cui
1401 3497 1449 3539 uos
1471 3501 1477 3536 ε
1500 3484 1534 3538 Et
1547 3500 1630 3554 quare
1649 3487 1684 3541 ita
1698 3490 1744 3542 alr·

139 3577 264 3644 perducant
288 3593 341 3649 quo
365 3592 415 3648 cgo
439 3577 564 3647 praecepi.
586 3577 670 3642 Quem
695 3592 726 3632 er
751 3588 906 3632 transverso
958 3575 1172 3644 iectearrthrrlas,
1190 3573 1231 3627 rel
1244 3587 1296 3642 qua
1319 3574 1421 3628 ratione
1440 3572 1474 3629 de
1492 3583 1544 3629 tam
1558 3575 1637 3646 longo
1650 3578 1745 3633 itinere

139 3680 202 3737 uper
230 3670 378 3724 burdonem
403 3667 542 3732 tinctum,
567 3670 641 3736 quasi
672 3667 814 3737 quemdam
841 3668 905 3740 ligni
960 3668 1012 3724 lmc
1026 3680 1135 3737 pergere
1148 3662 1357 3739 demonstraris?
1376 3664 1440 3729 011ae
1454 3664 1683 3733 respondimcrru
1694 3667 1745 3724 lroc

140 3768 253 3822 tttueum,
269 3769 326 3816 toto
341 3759 437 3815 itincre
453 3759 632 3824 purtahamus.
960 3756 1070 3827 parrulo
1083 3769 1161 3810 seruc
1180 3764 1270 3808 restro
1282 3753 1314 3806 ad
1330 3752 1451 3808 cnsilium
1475 3768 1565 3822 pergo,
1581 3770 1615 3810 ue
1629 3755 1746 3812 iuveniat

165 3852 203 3907 ll.
221 3852 290 3908 Μῖνα
314 3852 378 3922 fides
392 3850 559 3906 muliercula.
580 3879 614 3891 -
632 3849 905 3922 Congregauturuui-
961 3864 1022 3906 eum
1046 3849 1131 3903 solum
1155 3846 1301 3913 iuimicus,
1320 3855 1346 3901 et
1360 3860 1374 3899 a
1388 3845 1429 3898 ria
1445 3845 1563 3899 ueritatis
1581 3853 1688 3900 reruret
1712 3844 1745 3899 ari

165 4002 263 4061 *Colh
280 4004 307 4068 l,
321 4003 398 4059 llari.
421 4010 448 4057 et
462 4000 537 4056 Orth.
552 4016 613 4057 cum
630 4002 763 4069 Loriehin,
779 4005 814 4058 od
823 4005 906 4074 inspi-
959 4017 1021 4073 cap.
1034 4001 1095 4057 las.
1111 4001 1194 4057 Porro
1209 3999 1284 4055 Felix
1299 3999 1368 4055 lrica
1384 4000 1491 4056 l‘ietnrc
1505 4000 1636 4066 laudatus,
1652 4002 1675 4055 is
1688 4003 1745 4071 ipso

141 4072 257 4143 Mem,
280 4083 305 4128 et
321 4073 529 4128 contrectandum
548 4076 692 4141 contraius
713 4074 870 4128 oerrcuudioe
884 4086 907 4128 et
959 4087 1021 4130 esse
1036 4072 1150 4137 ridetur,
1165 4073 1209 4139 qui
1224 4070 1249 4125 in
1264 4069 1361 4127 Notitia
1376 4070 1501 4124 diriesna
1519 4071 1589 4124 inter
1600 4085 1745 4140 proconsu-

206 4145 364 4214 ',abi,etc.
379 4142 476 4197 llaruru
490 4142 620 4210 virginum
636 4144 791 4197 memoriam
813 4144 907 4200 recolit
960 4143 1029 4199 lares
1044 4141 1182 4212 episcopos
1194 4156 1267 4195 uum.
1283 4139 1467 4194 aahnrr'rmrur
1480 4139 1586 4205 dicitur,
1603 4154 1654 4209 qua
1670 4140 1704 4194 de
1715 4156 1744 4195 re

143 4147 894 4342 iiiucterrumnummu
959 4208 1745 4351 intermittelundeterrentibus

144 4352 285 4416 eoquod..
301 4369 362 4409 cum
378 4352 572 4422 Martyrologiis
583 4351 695 4418 udonis,
708 4351 834 4419 llsuardi¹
844 4353 904 4408 Not·
961 4352 996 4408 ts
1006 4352 1140 4415 Octobris,
1153 4349 1239 4405 Graeci
1252 4366 1315 4406 vern
1326 4351 1342 4404 'l
1355 4348 1529 4417 Septembris.

145 4416 194 4491 lari,
204 4437 255 4481 ete.
269 4429 304 4481 At
317 4423 395 4478 Colb.
413 4423 447 4488 l,
463 4420 597 4486 liberam,
612 4421 717 4486 Surius,
730 4422 907 4478 Baldllcliur.
922 4416 950 4477 Ι)
996 4421 1161 4477 ibericum
1171 4430 1198 4475 et
1213 4421 1335 4475 Rhenan.
1348 4433 1400 4473 nun
1412 4418 1510 4472 babent
1523 4418 1581 4472 olio
1600 4418 1694 4476 trister.
1710 4418 1744 4476 Et

146 4502 188 4548 dtu
198 4495 309 4551 baronio
321 4493 348 4548 in
363 4490 548 4563 hlartyrolngio
562 4490 694 4560 Romano,
704 4491 842 4562 Seaogirrtrr
852 4509 907 4548 see.
962 4491 1040 4556 inira,
1052 4490 1189 4545 uroiierrdo.
1207 4490 1283 4544 Colb.
1300 4491 1326 4551 l,
1351 4489 1504 4543 moriendus.
1520 4487 1654 4556 liberam,
1669 4491 1743 4558 Sur„

146 4556 212 4620 llil.
226 4574 255 4621 et
270 4565 348 4634 ilign-
364 4561 506 4632 Sesoqr‘uto
519 4571 639 4630 quotuor.
961 4564 1036 4630 llign.
1051 4560 1177 4621 etheid..
1192 4560 1339 4613 morituros.

173 4635 230 4692 ‘Sic
243 4635 320 4689 Coib.
337 4635 364 4697 5,
377 4631 489 4686 llrthod.
505 4644 530 4683 ot
542 4631 660 4696 loricis,
673 4630 769 4701 quibus
779 4631 910 4688 accedunt
997 4632 1124 4693 ’θετιιιη
1149 4628 1219 4693 Ful,
1239 4638 1266 4684 et
1279 4627 1391 4683 orthod.
1407 4642 1467 4682 cunr
1482 4626 1617 4694 Loriehiu,
1632 4629 1744 4684 larino·

147 4693 214 4772 tare,
227 4704 286 4760 Ful.
298 4713 327 4759 ct
338 4703 445 4767 Germ„
461 4701 517 4764 uhi,
533 4700 691 4756 abiritanus.
712 4702 798 4769 l’urt.,
814 4701 910 4757 Harii·
960 4716 1009 4755 uc.
1025 4700 1103 4756 illart.
1116 4696 1267 4775 Zarirtotioe.
1282 4697 1359 4752 Golh.
1371 4699 1397 4762 l,
1409 4696 1556 4763 tonnano,-
1568 4698 1643 4764 Snr.,
1657 4699 1744 4765 Quiri·

147 4768 232 4829 darm.
248 4778 283 4828 at
295 4771 384 4829 cirilli.
400 4771 478 4836 edit„
495 4769 676 4824 Abderitanae.
689 4771 823 4839 libertam,
844 4772 905 4827 Sur.
961 4780 1036 4825 tonoe.
1054 4768 1080 4822 ln
1096 4766 1186 4823 lodice
1198 4768 1343 4823 oxoniensi
1356 4768 1410 4838 iarn
1424 4768 1532 4822 laudato
1550 4769 1621 4824 Zoro
1635 4770 1744 4825 iocerne

148 4841 482 4909 adulescentularum,
496 4839 579 4895 Porro
591 4841 617 4895 in
633 4840 720 4895 Africa
736 4843 799 4896 urbs
810 4842 908 4911 duplex
962 4838 1105 4911 pmtinciae
1118 4839 1227 4893 dicitur.
1238 4840 1272 4892 rlt
1287 4853 1321 4894 ex
1333 4838 1474 4892 collatione
1487 4836 1689 4909 Cartlragioeusi
1703 4838 1744 4893 di·

150 4902 264 4969 lurtittr
275 4913 365 4978 dirum
379 4925 492 4994 quarum
506 4912 587 4964 alteru
607 4911 683 4963 abbir
697 4911 783 4981 dlojus
801 4910 909 4966 diuebn·
960 4909 1060 4965 rrimus
1075 4923 1173 4963 caruca
1184 4909 1365 4976 proconsulari
1377 4908 1468 4962 luisse.
1479 4908 1651 4963 Eterrimcum
1662 4909 1742 4976 Quiu-

150 4982 190 5034 ΙΙΙ.
199 4980 338 5054 huiusque
351 4993 493 5050 episcopus
507 4978 640 5035 collationi
654 4980 909 5049 Carthaginensinrl-
959 4987 1010 5046 tus,
1027 4988 1053 5035 ut
1069 4979 1180 5048 uulgatae
1195 4978 1326 5032 editiones
1341 4976 1449 5043 habent,
1466 4992 1526 5032 nam
1541 4996 1566 5032 r.
1581 4991 1606 5032 c.
1619 4977 1744 5034 Baluzius

151 5042 195 5117 llil,
207 5050 280 5110 berre
300 5051 403 5109 scilicet
419 5051 552 5120 episcopua
568 5049 646 5103 subtr
667 5048 755 5123 llrrjur
769 5064 829 5120 cap.
846 5052 906 5117 abb,
960 5048 1040 5105 ltahet
1052 5048 1102 5115 Qut
1116 5064 1205 5115 repro,
1217 5061 1264 5115 pro
1279 5045 1390 5102 Paulino
1403 5046 1510 5103 Zurerrei
1522 5047 1619 5103 litteras
1631 5052 1708 5104 nescu
1714 5066 1744 5101 rr·

150 5113 182 5172 ὓί
192 5124 271 5180 tullus
291 5124 328 5180 ibi
349 5122 432 5177 luisse
446 5119 582 5174 bonatista
595 5119 705 5183 dicitur:
721 5129 748 5175 et
762 5134 822 5188 cap.
845 5119 907 5188 215,
960 5127 994 5187 te,
1009 5120 1054 5188 qui
1070 5133 1187 5187 praesens
1197 5119 1299 5182 aderat,
1309 5131 1339 5173 se
1352 5117 1542 5187 subscripsisse
1555 5118 1648 5174 luisset
1659 5127 1741 5173 testa·

151 5183 283 5248 &domus
293 5191 433 5247 embolium
444 5189 576 5258 episcopas
590 5188 766 5244 dibiriteusis.
787 5189 908 5244 Concilio
960 5198 1003 5243 tus
1013 5191 1039 5244 in
1054 5188 1195 5244 collatione
1207 5186 1332 5256 Carthag.
1342 5201 1402 5257 cap.
1412 5188 1474 5252 les,
1485 5187 1662 5258 l’artlinusquc
1674 5187 1742 5255 ipse.

150 5266 215 5317 illan
227 5259 431 5331 Carthaginensi
449 5258 584 5313 annollh
600 5258 758 5326 subscripsit
775 5258 906 5315 Candidus
958 5257 1272 5326 catholicusepiscopus,
1295 5270 1326 5312 se
1348 5257 1446 5312 hahere
1460 5259 1587 5312 unitatem
1609 5255 1743 5325 professus
1859 5303 1863 5308 .

149 5326 257 5397 ‘duom
265 5331 421 5394 Gerurouioe,
436 5329 480 5397 qui
490 5327 557 5382 alias
571 5326 672 5382 ibidem
686 5329 843 5398 simpliciter
857 5330 907 5383 Ab·
956 5327 1064 5395 luisset,
1078 5327 1218 5382 deterreor
1230 5328 1355 5382 diororrrrr
1370 5326 1496 5381 Primioui
1508 5327 1620 5396 episcopi
1633 5325 1743 5378 tiartlta-

150 5390 248 5458 hiem
261 5401 370 5462 dicitur,
395 5399 453 5468 eius
467 5397 569 5454 scilieet
581 5396 664 5460 urhis,
680 5398 707 5452 ni
729 5397 816 5463 iallor,
831 5400 907 5465 cujus
958 5399 1078 5468 ginensis
1091 5398 1172 5467 partis
1191 5397 1297 5464 Donati,
1314 5398 1379 5451 dicit
1397 5412 1407 5451 .·
1423 5395 1607 5465 Presbyterum
1625 5393 1679 5447 illic
1697 5411 1743 5450 rru-

148 5477 253 5527 ⁸tersurus
276 5473 309 5526 ab
323 5467 611 5530 didit-Gerounicionu
627 5467 739 5522 hahetur
752 5469 778 5522 in
794 5469 907 5525 coneilio
959 5477 1022 5524 ster.
1037 5468 1157 5523 diocesis
1170 5477 1257 5522 nostro
1269 5478 1315 5524 ert.
1333 5466 1498 5522 liecensetur
1508 5472 1535 5517 ct
1548 5461 1642 5517 eodem
1657 5465 1748 5533 capite

147 5528 248 5611 l'autag.
263 5541 314 5597 suh
329 5550 423 5595 sanctu
432 5538 575 5610 cypriano,
587 5551 650 5592 num
664 5538 709 5593 ld.
723 5537 764 5593 rlb
777 5537 818 5592 his
833 5538 906 5593 urbi·
958 5537 1119 5602 collationis,
1132 5548 1161 5590 ut
1172 5538 1228 5608 jam
1241 5537 1358 5595 diximus
1371 5552 1399 5592 u.
1412 5535 1457 5599 59,
1482 5533 1600 5589 bruatur
1612 5536 1749 5607 episcopua

148 5601 184 5662 bl!
196 5612 296 5669 diuersa
314 5611 426 5667 omniuo
445 5615 504 5663 crat
525 5606 625 5660 Abdero
644 5621 691 5661 seu
710 5608 816 5672 adamo,
832 5607 909 5675 cujus
959 5609 1039 5680 plebis
1054 5607 1195 5664 lluritouoe.

147 5677 265 5750 ‘imnum
279 5679 305 5737 F
305 5691 439 5737 ructoorua
460 5687 622 5735 rrrernoratur
637 5677 663 5733 itt
677 5676 766 5735 collat.
781 5677 905 5745 (hrtltag.
949 5710 952 5719 ·
