3788 6120
164 266 235 344 tus
779 298 941 360 caunsou
962 302 1198 366 nasstcteasts
1242 298 1245 303 ’
1743 331 1812 391 rata

162 409 190 456 et
204 411 279 473 prata
293 408 421 474 opuscula
434 418 458 476 ι,
474 419 501 465 et
520 423 593 467 sana
613 411 754 469 doctrinae.
778 414 865 471 llomo
878 417 998 489 siqui-A
1014 426 1115 488 tumen,
1137 432 1165 480 et
1185 435 1316 482 tractatus
1332 431 1499 492 oircrssmm
1514 439 1709 508 scripturarum
1720 457 1748 501 et
1760 463 1808 504 ss·

162 492 223 548 dem
240 503 293 549 tam
308 497 404 556 diuinis
426 515 506 571 quam
523 503 647 559 nonanis
661 503 694 558 ad
715 505 846 576 iratcgrum
872 509 958 564 imbu-
1011 526 1224 585 crementorum,
1240 520 1350 577 elimato
1363 538 1499 595 sermore,
1511 532 1680 591 ctadrersus
1696 537 1806 597 l’etrom

162 594 224 651 tus,
249 601 366 659 acerque
389 591 511 662 ingenio,
534 594 643 666 scripsit
662 595 696 651 sd
716 596 836 654 diuersos
851 599 958 656 diuerso
1008 617 1037 662 et
1049 608 1175 664 boscium
1189 613 1297 682 scripsit
1309 615 1437 681 eptismlas
1461 635 1520 689 qruae
1542 623 1624 680 trodio
1639 628 1665 679 tn
1683 629 1804 686 septas&

160 684 249 732 metro
263 679 305 734 nel
328 696 408 750 pausa
430 684 610 755 compositum
635 686 835 758 epistolarum·
854 693 958 763 insigne
1008 713 1134 755 tenentur
1144 703 1370 759 catbolicad'ecit
1384 718 1412 762 et
1427 709 1540 781 layrunos
1552 715 1578 769 in
1594 717 1805 776 tinniturum

159 768 284 825 volumen
298 788 304 823 :
320 772 345 826 in
360 789 414 843 qrto
427 775 490 843 qnid
505 777 532 830 in
544 776 642 833 litteris
656 787 746 848 posset
759 781 887 838 ostendit.
903 784 953 840 l’e·
1007 793 1142 849 drrrbrosii
1157 794 1287 866 episcopi.
1299 797 1374 854 Obiit
1392 802 1442 854 stris
1457 807 1738 878 anastasiaatrgn-ro.

158 871 217 912 mm
229 860 255 914 in
267 861 422 920 Claristiano
433 866 524 937 rigore
535 868 649 937 pollens,
660 870 742 924 etism
754 871 822 927 iuter
836 875 955 930 barbara
1296 888 1409 948 CAPUT
1424 892 1504 949 xcv,

159 947 307 1006 lerocitutis
321 953 456 1022 duritiem,
474 970 534 1028 qua
549 975 582 1015 eo
600 969 722 1031 tempore
735 963 825 1019 Gallos
841 980 952 1034 oppres·
1041 975 1214 1045 llouoasras,
1230 978 1237 1017 ἱ
1253 980 1435 1039 Corratautina
1450 986 1548 1041 blrice
1563 990 1682 1046 ciuitatis
1695 994 1801 1062 episco-

157 1051 250 1107 serat,
271 1046 419 1104 ‹mnottcas
443 1059 518 1117 pater
540 1061 566 1107 et
582 1052 677 1108 doctor
692 1054 806 1110 babetur
830 1058 951 1126 iunipiris.
1004 1081 1064 1136 pos,
1080 1067 1190 1137 scripsit
1204 1071 1236 1124 ad
1261 1073 1405 1129 Arcadium
1430 1080 1584 1147 qrremdam,
1601 1083 1646 1148 spui
1663 1097 1712 1152 pro
1732 1099 1799 1139 eorr-

158 1132 260 1188 l'lorait
285 1151 316 1190 ea
343 1148 502 1210 tempestate
525 1159 577 1214 qna
602 1144 656 1201 Leo
678 1156 707 1202 et
730 1147 803 1202 Zeno
823 1149 952 1208 llorrranis
1003 1156 1119 1213 iussione
1135 1160 1196 1215 lidei
1212 1163 1351 1220 ratlrollcac
1366 1165 1393 1219 iu
1417 1170 1537 1234 partibas
1548 1170 1623 1225 ilirie
1633 1191 1647 1219 ι·
1662 1186 1678 1226 a
1692 1173 1797 1230 Gerase-

155 1223 325 1295 iotpersbant
336 1227 360 1284 b.
1002 1248 1058 1300 rico
1073 1265 1135 1317 repe
1151 1251 1250 1306 nilons
1260 1253 1409 1320 essrrlabat,
1424 1258 1564 1324 epistolam
1581 1261 1614 1314 :ad
1630 1262 1736 1317 labores
1746 1281 1797 1332 pro

441 1325 555 1385 catut
567 1328 659 1387 llClll.
1002 1336 1114 1392 Cbristo
1129 1342 1255 1398 lereudos
1271 1345 1457 1412 hortatoriam,
1477 1356 1502 1404 ct
1518 1351 1649 1420 exemplis
1676 1369 1795 1422 praescu-

195 1413 359 1485 ιιοιιιιιιι,
373 1419 550 1500 Antiocheam
571 1425 704 1493 parocbia
726 1441 758 1481 es
772 1429 947 1497 pmmnattco
1000 1434 1083 1495 tibio.
1110 1444 1137 1489 et
1151 1437 1351 1505 scripturarum
1379 1437 1555 1496 relationibus
1581 1443 1751 1509 roboratam,
1766 1454 1793 1500 ct

154 1506 307 1578 presbyter,
332 1512 440 1582 scripsit
455 1514 598 1570 aduersum
613 1531 660 1570 cos
674 1513 687 1552 ²¹
703 1517 749 1587 spari
777 1519 803 1573 in
819 1535 869 1574 atara
887 1531 947 1576 tau·
998 1526 1068 1595 qrrod
1081 1527 1330 1583 confessionislldel
1342 1532 1539 1597 perseverantia
1552 1550 1604 1589 nou
1618 1535 1710 1590 solum
1720 1552 1789 1605 prc-

151 1606 209 1652 tum
230 1601 381 1658 substantia
397 1615 524 1661 asserunt
546 1608 713 1664 adorandum
727 1610 880 1677 Cbristum,
896 1629 946 1669 nee
998 1616 1075 1671 ter-ita
1091 1630 1185 1689 purget
1202 1630 1322 1690 peccata,
1334 1621 1382 1675 sed
1395 1630 1422 1676 et
1436 1625 1563 1679 uteritum
1578 1638 1704 1696 procuret
1720 1643 1790 1683 mar·

151 1690 327 1758 aequiescunt
351 1695 417 1750 datas
447 1697 472 1751 ia
496 1697 605 1753 Claristo
629 1701 795 1756 condiendus
814 1715 943 1771 rrntmas3
998 1707 1068 1777 tyrii.

152 1780 256 1837 doceas
270 1785 419 1841 secondum
437 1796 450 1825 ⁶
472 1789 630 1845 relationem
653 1792 850 1861 scripturarum
864 1811 942 1850 ranam
962 1797 984 1858 B
1281 1803 1395 1860 Clll’lll'
1406 1805 1499 1863 xcvi.

150 1870 178 1926 iu
189 1873 290 1929 illollei
300 1876 453 1934 ctbominis
464 1895 606 1949 personam
618 1897 688 1948 esse,
703 1899 756 1938 non
767 1901 847 1940 unam
862 1885 871 1924 l
884 1900 943 1940 car·
1034 1890 1041 1942 i
1060 1890 1193 1947 Constans
1208 1892 1360 1963 episcopus,
1377 1899 1486 1953 natione
1512 1898 1590 1966 Ales,
1609 1901 1788 1973 interrogatus

153 1963 195 2017 nis
211 1975 238 2018 et
254 1964 333 2020 Verbi
364 1978 497 2026 naturam.
522 1970 608 2027 Sirrrrrl
630 1984 655 2028 et
680 1975 817 2045 irnpngrmt
836 1979 940 2043 olianus
995 2001 1009 2040 n
1030 1986 1203 2041 klinirirnino
1223 1988 1382 2042 brianonum
1396 1990 1535 2059 episcopo,
1549 1995 1571 2046 si
1591 1996 1684 2062 paucis
1698 2008 1786 2065 posset

148 2056 941 2132 Cyrillirllesaadriniepiscopisenteotias,dicensincaute
997 2077 1151 2133 reldiviuae
1174 2078 1321 2144 Scriptura
1338 2080 1513 2149 testimoniis,
1535 2083 1639 2154 absque
1667 2086 1785 2156 disputa·

147 2150 243 2205 abillo
261 2152 418 2208 adversust
434 2155 586 2210 Nestorium
609 2160 739 2227 prolatas,
764 2177 824 2229 qua
838 2160 939 2215 laonien-
995 2172 1074 2223 tiores
1095 2169 1227 2243 duntaxat
1250 2171 1410 2236 assertione,
1430 2171 1509 2225 briem
1531 2173 1694 2230 cartbolienn
1717 2180 1783 2231 assi.

148 2248 205 2294 turn
221 2252 248 2295 et
265 2244 347 2296 rrrlrur
359 2243 461 2300 addunt
480 2245 666 2302 Tinrotbeanis
679 2267 685 2303 :
697 2253 768 2320 quood
782 2251 860 2305 v.·tuo
883 2254 940 2305 ios·
993 2265 1245 2334 31fflffl2qnnsniitte
1261 2265 1286 2317 in
1302 2263 1410 2318 narrnino.
1425 2265 1542 2333 bomini,
1554 2267 1719 2337 suffragante
1736 2271 1783 2326 sibi

149 2333 220 2388 asiam
233 2333 308 2391 dicit.
326 2337 425 2393 Visere
439 2337 527 2394 edituo
540 2341 638 2396 dicitur
658 2351 685 2398 et
703 2359 736 2398 cs
756 2352 876 2413 tempore
892 2343 939 2400 du·
992 2354 1115 2420 ueritate,
1142 2370 1195 2409 non
1230 2354 1321 2423 paucis
1346 2355 1504 2411 testimoniis
1529 2355 1599 2412 sicut
1624 2360 1783 2419 blarinrioos

146 2425 272 2482 clamare.
993 2449 1001 2486 ¹
1012 2448 1126 2503 irridens
1136 2448 1259 2516 petierat,
1270 2447 1316 2502 sed
1324 2446 1440 2515 copiosis
1452 2457 1505 2501 tana
1512 2448 1616 2503 Veteris
1627 2466 1706 2520 quam
1718 2452 1781 2509 Nori

429 2521 544 2578 CAPUT
558 2521 650 2579 XCIV.

184 2626 196 2664 ὓ
212 2629 353 2698 Gatusrus,
368 2634 546 2689 tortosanus
559 2637 712 2707 episcopus,
728 2639 834 2708 scripsit
845 2639 938 2694 adver·

146 2736 192 2778 sos
204 2723 343 2794 Eutyclrea
357 2734 385 2793 et
397 2726 548 2782 Nestorium
564 2729 704 2799 prandeat
716 2730 874 2800 preclarum
891 2747 937 2783 vo-

147 2855 316 2913 tltuernorum
326 2860 443 2932 episeopo
458 2860 597 2930 Eparclrio,
609 2864 636 2917 in
649 2864 703 2934 cjtrs
717 2865 812 2928 lerant,
824 2863 937 2930 quarata-is

138 2930 255 2983 reniteas
279 2945 302 2982 et
331 2931 446 2984 arandum
470 2930 577 2986 clericas
607 2949 650 2986 mr.
673 2933 725 2987 stt
746 2934 867 3002 salicetus
889 2943 935 2988 est.

147 2998 222 3063 Quod
245 3017 338 3053 aranas
357 3017 457 3054 samaria
478 3019 536 3054 cnm
557 3003 679 3055 ntodestr’a
698 3018 859 3070 susceptum,
880 3005 936 3068 pari

989 2538 1155 2596 Testamenti
1169 2538 1275 2593 indiciis
1289 2539 1446 2607 approbarit
1459 2547 1485 2592 et
1500 2549 1519 2575 ¹¹¹
1531 2538 1625 2596 libello
1640 2543 1734 2598 edidit.

1267 2629 1380 2685 CAPUT
1395 2628 1498 2684 XCl'll.

1024 2731 1038 2757 ¹¹
1053 2721 1197 2786 Erasmus,
1209 2718 1378 2790 Cartlrapinis
1390 2721 1485 2774 olricus
1502 2721 1619 2776 civitatis
1639 2726 1779 2796 episeopus

991 2858 1061 2912 idom
1085 2854 1262 2911 bellarminus
1287 2853 1304 2905 l.
1326 2868 1350 2906 c.
1364 2861 1389 2905 et
1409 2851 1538 2905 Barnnins
1558 2851 1684 2907 inGestrs
1708 2871 1778 2915 anuo

991 2929 1044 2982 too
1059 2935 1179 2982 ccursant.
1189 2927 1220 2978 Αι
1234 2939 1298 2977 nerra
1311 2922 1441 2975 lleuricus
1451 2921 1611 2989 Spurrdauus
1625 2924 1651 2975 in
1661 2926 1778 2991 opininio

991 2998 1134 3053 Attttaliuut
1151 2998 1360 3049 llarottmnormn
1376 2992 1409 3046 ad
1423 3008 1522 3046 arsurum
1536 2990 1587 3047 too
1601 2992 1650 3046 isto
1660 2999 1693 3047 rte
1707 2991 1777 3054 libro

144 3084 203 3120 cana
222 3070 356 3123 sanctitate
374 3080 398 3124 et
417 3072 563 3140 aipilantia,
581 3072 760 3126 turbidissimas
779 3076 933 3143 stuporibus
947 3073 970 3136 G
986 3081 1068 3126 saetas
1091 3068 1209 3132 tantulam
1235 3063 1304 3118 lrarte
1326 3064 1436 3126 marcini
1450 3063 1592 3120 ascripsit:
1613 3060 1653 3116 lta
1665 3068 1771 3132 quiden:

144 3138 343 3191 rsdnrinr'straoit.
353 3138 469 3193 Primum
480 3142 547 3195 enim
558 3143 663 3194 obsessis
677 3160 722 3213 per
735 3142 830 3195 Cotlros
839 3147 931 3197 tirum·

140 3209 196 3268 sn's,
212 3208 317 3262 diutina
330 3212 509 3280 acerrimaeque
523 3214 717 3284 oppupnationis
732 3212 860 3266 nrnlcstias
874 3231 933 3284 per·

143 3279 211 3331 tulit.
236 3276 333 3332 Deinde
353 3281 458 3334 redorta
481 3297 513 3335 ea
535 3281 640 3347 Nepotis
662 3282 770 3352 depasti
790 3283 885 3352 federe
906 3286 932 3340 in

143 3346 255 3400 bostium
267 3359 415 3417 potestatem
427 3353 488 3405 urae
497 3393 504 3416 ,
514 3353 545 3406 ab
560 3353 599 3406 bis
613 3368 658 3421 prr
674 3354 809 3423 lepationis
823 3356 931 3423 speciem

140 3418 284 3489 relepatns,
303 3423 454 3486 aliquandiu
473 3424 591 3476 exsulare
613 3424 858 3479 cunctanctium
877 3427 931 3480 suis

141 3493 245 3543 tandem
260 3493 384 3552 redditas,
398 3509 456 3545 cum
469 3493 496 3546 t'a
511 3493 585 3562 officii
599 3509 685 3547 euram
697 3495 819 3558 interitus,
832 3496 930 3550 nullutn

138 3559 207 3611 inter
222 3560 343 3615 barbaros
354 3563 442 3633 optimi
463 3564 573 3631 pastoris
589 3575 686 3631 portem
700 3565 835 3632 orarirtcret,
850 3583 931 3620 anru-

139 3626 223 3683 lorrmr
234 3641 315 3686 tanen
326 3633 352 3687 itt
363 3649 389 3686 se
401 3632 460 3686 odia
470 3634 616 3688 concitauit.
625 3633 721 3700 Qu'lus
732 3637 834 3688 dmum
846 3637 928 3701 uictis,

137 3714 185 3751 trec
198 3701 244 3755 diat
258 3710 342 3756 tannen
354 3713 441 3771 postca
458 3714 584 3770 superstes
597 3744 604 3767 ,
626 3705 772 3772 Aprunculo
787 3721 930 3761 successore

135 3768 280 3840 desipuere,
299 3775 334 3826 ad
353 3774 408 3826 cali
429 3775 534 3839 matraio
554 3774 660 3828 eoolorit
675 3791 719 3828 an.
735 3775 801 3839 482,
827 3792 860 3830 stt
874 3775 926 3832 lsi.

139 3837 280 3908 Septenos,
304 3843 405 3896 Zenone
427 3846 576 3908 insperante.
602 3844 705 3898 biberas
726 3861 758 3899 ea
777 3844 928 3912 Papianilla

133 3911 264 3980 conjupe,
280 3913 347 3966 Auiti
366 3913 428 3974 imp.
445 3914 518 3981 filio,
532 3924 591 3968 ante
612 3915 786 3986 episcopatum
798 3932 927 3988 susceptos

134 3978 249 4050 reliquit,
267 3982 440 4047 Apollinarem
451 3983 543 4051 pilium,
554 3995 578 4038 et
591 3985 708 4039 lloseiam
720 4002 751 4039 aa
763 3987 928 4043 Seuerianam

132 4047 215 4115 filias.
235 4051 334 4107 Colitur
355 4064 440 4108 autem
457 4055 527 4123 apud
548 4056 673 4110 alra-ernas
692 4066 714 4109 et
732 4058 793 4111 alili
807 4067 872 4112 stato
886 4059 928 4114 die

131 4118 235 4187 rituque
252 4132 413 4185 structorum,
430 4133 454 4178 et
467 4125 585 4195 sclipies-e
603 4134 765 4180 assonantur
782 4143 856 4180 same
869 4130 926 4198 ejras

130 4204 193 4244 assa
209 4192 237 4245 r'n
249 4196 352 4248 basilica
365 4193 525 4258 Graeciano,
536 4213 593 4262 pare
601 4198 660 4265 jam
675 4194 735 4248 alirn
753 4212 784 4248 ea
796 4209 877 4251 uetere
892 4199 923 4254 S.

136 4257 245 4316 Saturni
269 4262 398 4328 adicela,
422 4265 449 4316 in
473 4267 584 4331 primane
607 4282 658 4336 quo
681 4266 922 4336 conditorium,

131 4333 259 4387 translata
273 4342 481 4389 eonrmemorant.
501 4333 545 4390 Sic
559 4335 613 4390 lere
631 4334 798 4392 sirmondus.
818 4336 884 4394 Vide
897 4347 924 4394 ct

37 4420 39 4424 ⁸
130 4405 306 4474 martyrotop.
322 4405 400 4460 Nom.
416 4404 450 4458 ιδ
464 4404 532 4467 dus.
549 4404 669 4461 blancus.

984 3148 1116 3193 senserrtut
1129 3146 1152 3192 et
1166 3137 1211 3189 a-'ii
1224 3136 1335 3201 plerique
1352 3133 1484 3196 bracteolis,
1509 3133 1630 3186 nitniranr
1649 3132 1718 3188 laune
1745 3141 1777 3193 li.

984 3208 1078 3264 bellam
1089 3225 1141 3262 non
1155 3223 1209 3261 esse
1223 3203 1318 3259 Celusii
1333 3219 1405 3271 papie
1415 3213 1529 3274 portant.
1549 3202 1645 3256 Verum
1657 3205 1733 3259 allans
1744 3209 1774 3268 s,

983 3277 1009 3331 F
1010 3281 1137 3350 alpeallus
1150 3278 1288 3345 lluspansis
1295 3277 1438 3345 episcopas,
1454 3274 1498 3337 atti
1508 3274 1596 3327 eodan
1611 3283 1723 3340 ternpore
1738 3281 1774 3331 oi-

982 3353 1031 3417 eb,
1041 3360 1064 3403 et
1076 3350 1215 3419 epaeelser
1226 3346 1327 3399 tratione
1338 3345 1398 3414 fuit,
1415 3343 1516 3398 Calosio
1529 3359 1603 3414 papa
1615 3343 1709 3415 alapae
1722 3350 1775 3403 alla

982 3419 1141 3474 dubitatione
1156 3419 1268 3482 ascribit,
1280 3414 1363 3469 mrrlta
1374 3431 1405 3468 ca
1414 3430 1443 3468 eo
1457 3416 1549 3473 citans.
1559 3430 1627 3478 resp.
1639 3415 1699 3468 dod
1709 3415 1734 3470 F
1733 3435 1774 3472 er.

982 3490 1093 3544 sundram
1119 3492 1266 3544 diaconium.
1282 3485 1362 3539 Hand
1377 3501 1434 3539 cero
1447 3484 1562 3555 ejusdem
1586 3484 1667 3537 libelli
1689 3488 1772 3554 serlo,

983 3577 1035 3632 qna
1048 3561 1196 3614 ameriam
1207 3574 1281 3611 sauna
1296 3572 1397 3609 serranus
1411 3555 1678 3625 terorqaenrnopatd
1689 3556 1772 3614 obesse

981 3631 1112 3684 ratbolira
1123 3631 1228 3694 ueritati,
1238 3627 1374 3699 irrralrijanr
1384 3627 1537 3679 deraserunt.
1549 3625 1770 3688 ltaSoondsnus:

981 3708 1037 3755 rein
1061 3709 1144 3754 lotam
1160 3716 1212 3754 nou
1227 3698 1287 3752 aliis
1299 3700 1421 3751 exactius
1433 3696 1627 3751 discutiendam
1643 3696 1771 3774 relinqui·

980 3786 1049 3825 naras.
1068 3773 1138 3825 ldom
1162 3785 1243 3840 itorro
1266 3767 1481 3836 Celusius-papa,
1508 3779 1665 3820 convocans
1682 3767 1715 3821 ad
1740 3785 1769 3825 se

980 3842 1169 3896 crrtditissimis
1192 3838 1336 3909 episcopis,
1354 3836 1458 3907 insigne
1474 3835 1612 3891 decretum
1638 3836 1722 3892 calluit
1735 3841 1769 3896 do

979 3909 1054 3966 libris
1068 3911 1205 3967 canonicis
1219 3919 1246 3966 et
1258 3907 1434 3979 apocryphis:
1448 3906 1519 3975 arrad
1534 3907 1668 3971 tirrenum
1683 3919 1770 3963 castrt

980 3992 1051 4037 tomo
1068 3981 1076 4035 l
1091 3981 1271 4036 Castellianum
1284 3980 1330 4033 lib.
1343 3993 1384 4040 nt,
1399 3991 1424 4032 e.
1438 3979 1500 4042 ΞΠ,
1515 3977 1585 4044 apud
1600 3976 1767 4033 Barelssrdum

978 4050 1213 4108 wormatiensem.
1226 4050 1382 4111 Gratianus,
1396 4047 1478 4115 priora
1491 4045 1550 4115 ejus
1563 4058 1639 4116 parte
1656 4050 1766 4112 ottrissa,

977 4122 1040 4177 lllud
1058 4115 1215 4192 ipsumdilt.
1233 4119 1383 4183 astaritae
1399 4126 1426 4172 ot
1442 4117 1555 4170 ltirlacus
1571 4119 1766 4187 ornaremus,

976 4195 1117 4261 episeopus
1131 4191 1301 4261 Scpobieosis
1323 4200 1389 4245 tom.
1406 4187 1426 4242 ll
1453 4188 1591 4242 llariarum
1613 4187 1768 4244 llesolutio·

976 4276 1050 4324 aram,
1064 4264 1081 4316 l.
1098 4279 1134 4327 ru,
1148 4263 1217 4316 notis
1233 4261 1355 4315 illustrat.
1375 4259 1495 4313 blaesus.

1014 4331 1022 4370 ἰ
1040 4333 1159 4389 Norimb.
1170 4374 1177 4398 ,
1188 4332 1353 4388 Constantia.
1371 4329 1488 4396 Epistola
1509 4327 1553 4383 ills
1569 4327 1603 4383 ad
1617 4329 1765 4386 Arcadiam

975 4412 1064 4459 exstat
1078 4407 1104 4459 in
1121 4403 1189 4458 Bibl.
1203 4403 1322 4465 Patrum,
1343 4410 1369 4454 et
1383 4399 1452 4466 apud
1475 4402 1573 4454 Boron.
1593 4400 1626 4454 ad
1640 4418 1686 4454 an.
1699 4403 1764 4456 tsi.

170 4474 323 4540 'Epistola
347 4475 450 4531 Sidonii
468 4483 574 4531 exstant
597 4475 690 4532 datisne
710 4476 736 4531 in
759 4477 841 4533 libros
861 4477 924 4536 9ab
936 4445 964 4506 D
977 4474 1029 4530 Sed
1044 4484 1137 4529 artetur
1150 4488 1203 4528 non
1230 4473 1380 4528 Honoratus
1391 4470 1499 4537 dicitur,
1516 4484 1608 4524 uerum
1627 4472 1764 4527 dramnius

128 4550 387 4669 ‘'¹“i'iiil‘iiibu.
400 4616 430 4671 c.
443 4614 507 4672 tea.

165 4688 181 4718 ⁸
195 4679 323 4750 llujoa,ut
332 4686 439 4752 opinor,
449 4686 559 4743 loannis
569 4687 728 4742 dntinclreni
739 4687 864 4743 troitunlla
873 4704 922 4746 cs·

130 4758 204 4807 statut
218 4752 243 4806 in
258 4754 324 4809 actis
338 4758 435 4812 concil.
451 4757 578 4826 lipbesini
588 4769 615 4814 et
628 4767 695 4813 torn.
709 4758 727 4809 ll
739 4773 801 4827 opp.
817 4758 919 4830 cyrilli.

162 4816 323 4891 decubet,
355 4825 400 4894 qui
432 4845 511 4881 arram
537 4836 635 4882 tarttura
659 4829 828 4884 substantiata
854 4832 919 4886 atlo-

130 4892 253 4947 roardum.

167 4970 180 5000 ⁸
195 4963 244 5028 bt..
258 4966 393 5021 rationem.

167 5030 178 5070 ¹
192 5033 241 5098 ld,
257 5035 397 5090 ltersonaus
410 5037 493 5091 nostri
504 5039 588 5094 earnis
598 5046 622 5095 et
640 5040 716 5098 Verbi
729 5049 857 5096 notarent.

165 5103 244 5170 sili,
261 5106 405 5164 Nestorem.

163 5168 274 5229 ¹¹litium
291 5180 340 5231 bac
350 5189 440 5248 caput,
452 5179 522 5249 parad
543 5181 578 5236 ab
593 5182 711 5239 llonorio
725 5191 752 5237 et
766 5181 845 5236 codd.
861 5183 915 5250 ple·

127 5255 218 5314 nsque
232 5249 394 5316 agnoscitur,
411 5250 437 5305 ia
452 5251 586 5306 aronrrullis
600 5254 680 5310 editis
694 5266 720 5308 et
732 5267 798 5307 rrtss.
814 5251 917 5309 deside·

126 5324 210 5369 ratur.
226 5344 260 5361 -
276 5320 305 5373 S.
320 5317 443 5375 Celusius
457 5321 466 5375 l
479 5335 557 5389 pens,
574 5323 682 5378 natione
706 5325 779 5385 Ater,
800 5321 835 5376 ab
845 5338 915 5378 atino

126 5385 179 5440 492
193 5401 276 5457 usque
297 5390 330 5443 ad
354 5405 454 5446 anasum
481 5389 536 5446 too
550 5393 629 5448 sedit.
656 5392 769 5464 Scripsit
789 5393 916 5461 epistolas

125 5453 223 5518 sarias,
247 5474 306 5524 qum
329 5461 450 5515 intumis
470 5459 650 5518 Consiliorum
675 5473 791 5527 esststst,
813 5472 840 5518 ct
865 5463 915 5518 alia

125 5537 186 5644 θυι]
208 5526 384 5585 llellarmious
403 5531 428 5586 in
455 5530 582 5601 catalogo
602 5544 736 5589 recenset.
758 5532 867 5588 Librum
881 5534 915 5589 dc

150 5593 233 5650 ualuas
243 5595 341 5655 Christi
355 5601 471 5664 Naturis,
487 5613 581 5657 contra
594 5603 743 5674 Eutychen,
763 5603 809 5674 qui
830 5604 857 5659 ia
868 5604 915 5657 Bi·

122 5658 259 5747 lsliotbeca
273 5667 381 5724 Parrum
394 5679 492 5739 exstat,
506 5687 559 5728 nrm
573 5687 634 5730 csse
648 5673 748 5732 Getssii
761 5690 849 5746 papia,
864 5675 912 5730 sed

123 5728 227 5791 Colastt
239 5736 359 5808 Cyzierri,
379 5741 550 5798 Caesariensis
572 5744 598 5800 iu
618 5745 759 5802 Paluatinas
778 5744 910 5817 episcopi,

976 4545 1118 4614 episcopus
1128 4541 1308 4599 Constantiana
1323 4543 1448 4596 ciuitate.

1012 4615 1022 4667 l
1040 4616 1158 4670 ilercalis
1171 4616 1312 4684 episeopus
1325 4609 1489 4667 casselensis
1502 4609 1529 4663 in
1539 4609 1642 4679 birico,
1654 4610 1765 4680 scripsit

974 4697 1066 4740 coritra
1082 4685 1252 4740 llasiminum
1265 4698 1312 4738 seu
1324 4681 1511 4736 Maximianum
1525 4680 1621 4734 librum
1631 4684 1667 4736 de
1681 4681 1762 4749 Fide,

973 4756 1017 4820 orti
1032 4758 1057 4810 in
1073 4756 1237 4813 Bibliotheca
1253 4753 1381 4810 Veterum
1396 4751 1503 4805 Patruus
1522 4758 1589 4806 torn.
1610 4751 1644 4806 lv
1662 4761 1763 4809 exsut.

970 4825 1092 4882 ursano.

1006 4893 1020 4934 ¹
1032 4896 1152 4966 Corbel.,
1167 4897 1290 4952 llaaimo.
1306 4893 1360 4952 Sed
1370 4893 1437 4949 idem
1449 4888 1517 4946 inira
1529 4906 1536 4944 τ
1548 4889 1712 4947 Maximinos
1722 4893 1763 4948 iu·

969 4966 1064 5021 sidens.

1008 5034 1016 5074 ¹
1033 5038 1082 5101 ltl.,
1094 5037 1219 5104 inuideas,
1234 5037 1339 5092 villose.

1003 5116 1023 5143 ¹¹¹
1036 5107 1085 5171 bt,
1098 5110 1222 5163 libellum.

1003 5185 1017 5214 ¹¹
1029 5177 1258 5248 Cartlrapinicnsis
1273 5177 1300 5231 in
1313 5174 1401 5232 Abies
1416 5174 1560 5245 episcopus
1581 5170 1617 5226 ab
1639 5172 1762 5254 liminare

969 5248 1203 5319 baagtastoduucnsi
1227 5257 1338 5302 iocatur
1362 5244 1502 5306 Eusebiras,
1525 5259 1540 5297 a
1565 5242 1763 5299 'lritlseuuoet

969 5318 1029 5373 aliis
1041 5316 1188 5389 Erigonus.
1203 5317 1337 5374 Caeterum
1352 5318 1377 5370 in
1393 5315 1507 5386 stipatis
1521 5312 1599 5368 ὒιιιιι
1609 5315 1655 5368 dii
1669 5329 1761 5369 exerta·

969 5389 1097 5460 pleribus
1111 5399 1170 5458 post
1183 5388 1330 5461 Eriperrinm
1345 5387 1484 5441 Pomerius
1499 5385 1606 5439 Nauaris
1620 5393 1649 5439 et
1661 5384 1760 5439 lirino-

967 5469 1041 5514 saltas
1054 5459 1225 5516 Massiliensis
1245 5459 1457 5522 subnectuntur3
1477 5469 1544 5522 atros
1567 5465 1657 5509 tamen
1681 5455 1760 5539 ‘cirros

966 5529 1100 5585 llonorios
1112 5530 1139 5586 in
1153 5546 1202 5586 suo
1214 5536 1334 5598 catalogo
1347 5543 1400 5582 riou
1415 5525 1495 5581 lrabet
1506 5525 1651 5593 zarleoque
1663 5525 1760 5580 arrien-

966 5611 1009 5654 tur
1026 5600 1059 5655 arl
1076 5598 1206 5656 Gennadii
1226 5601 1376 5668 catalogum
1396 5613 1448 5653 non
1466 5595 1613 5665 pertinere.
1628 5596 1677 5677 ¹At
1692 5611 1758 5649 roro

965 5669 1085 5726 isidorus
1096 5685 1120 5726 c.
1138 5672 1182 5739 li,
1196 5681 1222 5726 et
1236 5671 1393 5741 Sigelrertus
1408 5683 1433 5722 c.
1448 5668 1498 5729 bl,
1527 5665 1756 5746 l’naucrrumsae·

964 5741 1227 5808 moraat31looorati
1241 5755 1306 5799 rero
1319 5737 1492 5799 llassilionsls
1505 5746 1601 5792 oeutcr
1614 5745 1753 5793 munina.
