3788 6120
166 263 218 321 tto

799 263 921 320 SlilONH
941 260 1168 324 troittutttts

1746 267 1797 328 ihi

165 379 234 444 Ergo
248 375 330 432 aninti
345 377 446 433 dudum
458 375 611 446 imparium,
628 385 767 445 postquam
784 377 869 432 autliit
884 376 926 432 isti
969 386 992 440 Α
1010 380 1098 434 Donec
1113 379 1146 434 od
1158 380 1307 436 anfractum
1322 391 1401 436 metro
1414 381 1471 450 iam
1481 381 1591 452 jamque
1602 383 1714 441 relictus

165 470 307 540 Imperium
322 480 350 526 ct
364 471 471 539 iungunt
483 469 574 536 sarni,
591 469 688 523 laniata
702 468 816 524 lacertos

166 560 316 631 ingreditur
333 575 384 630 qua
399 571 483 614 strata
495 559 557 623 riri,
576 574 720 628 rocctuquc
736 564 866 615 liuentem

166 652 212 704 llis
227 650 308 718 rnqrit.
324 649 423 706 Secura
435 649 509 716 iaces
522 649 605 704 oblite
620 659 739 713 tuorutn,

163 742 185 794 0
200 744 283 811 piger,
299 752 327 798 ct
342 741 441 795 utundo
457 744 579 809 princeps
594 742 649 807 (sic
662 742 759 795 saecula
773 738 910 810 poscunt).

165 832 325 902 llnjnriaous
337 832 405 896 erit;
419 834 538 887 clnrttant
553 834 603 887 hoc
615 833 704 888 sidera
719 833 813 903 signis,

165 924 221 979 lloc
236 924 358 979 homines
371 924 440 979 totis
454 940 461 976 z
477 924 518 978 isti
532 922 594 993 quid
607 922 696 978 sidera
711 938 814 990 quaero,

165 1010 259 1072 Parum
272 1015 343 1071 aliud
358 1015 400 1071 ctti
414 1015 476 1070 lucit
487 1015 580 1070 atuor?
595 1015 632 1069 nil
648 1014 741 1070 lorum
756 1016 812 1070 illo.

165 1105 198 1160 Et
212 1121 280 1174 puer
295 1114 336 1160 est
348 1103 460 1172 cupidus
474 1120 621 1174 nunquam,
636 1105 683 1160 scd
700 1119 794 1175 parcus
810 1105 935 1160 italiendi.

166 1195 269 1268 Pauper
281 1197 370 1253 edituo
381 1196 436 1268 jam
452 1199 551 1267 spargit
565 1212 641 1267 opes,
658 1196 775 1268 iugentia
789 1199 884 1254 suadet

164 1290 293 1356 Consilia,
309 1297 336 1344 et
351 1289 487 1356 sequitttr;
506 1296 590 1343 ιοιιιιιι
602 1288 673 1359 quod
686 1291 796 1361 cogitat,
809 1291 890 1345 altnnt
902 1299 951 1346 cst.

164 1375 248 1450 iltget
261 1379 331 1449 quod
346 1391 456 1449 sperat:
472 1377 563 1433 iudum
576 1379 599 1434 si
614 1379 682 1434 iorte
692 1388 829 1443 retetaru,

165 1470 347 1540 Cortsuotpsit‚
362 1468 490 1540 quidquid
503 1469 598 1539 jaculis
614 1468 710 1526 iecisse
726 1472 838 1538 qtutaris,

166 1562 243 1618 istius
257 1577 307 1616 uua
321 1561 378 1616 dies
392 1579 398 1614 :
413 1561 497 1616 trihus
508 1560 579 1617 huuc
595 1569 727 1617 tremuere
741 1562 845 1631 sagittis

165 1661 179 1690 ¹
195 1653 308 1721 Anguis,
320 1667 426 1715 cervus,
442 1667 521 1719 τροις
538 1650 619 1707 bstou
633 1652 673 1708 slc
687 1653 792 1708 lihrarit
808 1655 835 1708 io
851 1653 953 1711 hostent

165 1746 283 1816 sprota.
297 1746 341 1814 qui
357 1758 420 1799 nato
432 1747 565 1814 serpentis
577 1739 690 1816 corpere
702 1751 802 1813 cincto,

164 1828 227 1891 Plus
244 1836 341 1903 timuit,
354 1836 418 1891 dum
430 1836 572 1903 succurrit,
585 1838 650 1891 dum
659 1838 774 1906 jactibus
788 1838 880 1894 iisdem

164 1926 303 1982 interitum
316 1926 451 1995 uitamque
464 1928 550 1992 daret,
566 1927 740 1993 stabilemque
754 1937 856 1982 teneret

164 2015 251 2072 Corde
266 2027 396 2071 trentemc
409 2032 527 2080 manum,
544 2025 679 2088 totamque
694 2019 778 2073 exiret
791 2019 817 2074 io
831 2028 916 2073 artent

163 2107 218 2175 Spe
230 2109 355 2177 propiore
365 2116 462 2174 metus,
478 2107 546 2163 dans
559 2108 630 2163 luter
643 2110 762 2163 memora
777 2110 889 2165 duornut

165 2193 249 2254 liuius
262 2208 374 2253 mortem
389 2216 395 2251 z
412 2199 492 2254 lubeat
503 2198 649 2255 decernere
660 2209 753 2267 caesus,

164 2289 252 2344 Cessit
264 2289 333 2360 Eryx
347 2289 465 2355 Siculus,
481 2291 562 2345 siutili
577 2306 625 2345 uec
638 2290 727 2348 lloruit
738 2303 796 2349 arte

1005 469 1113 525 Concita
1130 482 1170 527 ter
1180 485 1274 540 sparso
1288 471 1366 539 treet
1381 473 1493 542 uestigia
1510 489 1599 543 pomo.

1004 560 1055 628 Qui
1069 561 1140 614 ridet
1155 560 1225 615 hunc
1238 561 1371 631 eqttitenr,
1390 561 1514 618 Leduuut
1530 565 1633 629 spernit
1648 564 1796 632 alumnum,

1006 654 1045 704 hc
1056 651 1180 719 ittueocm
1194 650 1356 706 Stlteueboea
1374 662 1465 719 tuum,
1479 655 1521 707 eui
1538 664 1611 723 terga
1626 665 1749 709 uetustos

1006 739 1117 796 Peuttati
1133 741 1244 810 largitur
1255 743 1327 811 rqui,
1342 743 1503 813 Lyciamque
1515 743 1676 798 Cltimaratu

1004 834 1089 902 ouant
1105 849 1247 904 superasse
1261 840 1360 899 retest,
1373 837 1470 891 vulnus
1483 852 1543 893 cum
1556 838 1665 892 sustulit
1680 854 1764 892 ouum

1004 923 1071 980 'ires
1082 927 1185 979 autimas
1201 941 1209 982 ι
1223 925 1304 981 uitam
1321 934 1375 980 tutu
1390 926 1413 982 si
1429 927 1477 982 tihi
1491 928 1542 981 lata
1556 928 1708 994 dedissent,

1005 1012 1149 1080 llajortaoe
1162 1014 1246 1082 leros,
1263 1016 1395 1071 vetuisses
1407 1013 1517 1071 Castora
1533 1018 1636 1079 lrcoos.

1004 1102 1138 1158 Pollucem
1153 1114 1261 1170 caestus,
1276 1106 1404 1162 hleouem
1417 1107 1518 1175 spicula
1534 1123 1625 1178 nosse,

1006 1194 1243 1259 Bellerophonteis
1257 1196 1431 1252 insultaturus
1446 1198 1553 1267 opimis.

1003 1283 1032 1341 Sl
1044 1286 1166 1356 clypeum
1183 1288 1281 1356 capiat,
1297 1289 1378 1343 uincit
1395 1290 1540 1347 Telamone
1553 1303 1692 1357 creatum,

1004 1375 1054 1438 lini
1068 1391 1169 1446 puppes
1183 1377 1371 1444 interutras,
1387 1392 1479 1434 comta
1496 1380 1618 1437 ilcetoris
1634 1385 1737 1453 ignum,

1006 1466 1091 1534 ipsam
1105 1469 1186 1522 etiam
1199 1468 1272 1524 inludi
1287 1470 1400 1525 classem
1414 1471 1533 1527 delendit
1547 1474 1652 1543 illyris.

1005 1555 1104 1611 diissile
1118 1557 1141 1610 si
1156 1565 1255 1627 quanto
1268 1558 1402 1627 jaculetur
1415 1561 1534 1630 pondere
1546 1564 1657 1632 queris,

1005 1646 1118 1711 Segnius
1132 1647 1239 1702 inserta
1255 1649 1391 1718 trepidans
1407 1666 1455 1719 pre
1469 1650 1542 1707 lasce
1556 1653 1679 1710 Cantilia}

967 1738 991 1799 li
1006 1737 1127 1792 Excussit
1142 1738 1224 1793 telum
1239 1739 1366 1803 hletaltus,
1383 1757 1432 1797 uec
1445 1743 1551 1798 turbine
1563 1753 1640 1800 tauto

1004 1827 1121 1884 Stridula
1137 1829 1233 1885 Pelidae
1246 1845 1293 1900 per
1306 1831 1414 1888 Troilon
1427 1833 1491 1890 exiit
1504 1850 1606 1890 ornus:

1003 1922 1085 1994 315
1097 1923 1151 1978 llec
1163 1925 1201 1978 sic
1217 1918 1327 1980 lichnum
1342 1927 1491 1982 tardantem
1508 1928 1585 1984 ltusta
1597 1927 1745 1985 Creontem

1007 2014 1111 2069 Atticus
1125 2014 1234 2087 AEgides
1246 2017 1317 2084 rupit
1331 2018 1516 2074 llarathooide
1528 2035 1632 2091 querco
1644 2039 1657 2077 ι

1006 2104 1061 2161 Nee
1076 2107 1115 2162 sic
1129 2106 1257 2162 intortum
1272 2108 1377 2163 violatas
1391 2109 1541 2165 Phoebados
1553 2111 1636 2166 ultrix

1004 2196 1031 2252 ln
1047 2197 1152 2252 iianaos
1168 2197 1267 2253 fulmen
1280 2199 1356 2269 jecit,
1372 2213 1432 2255 cnm
1447 2198 1549 2256 Graecia
1564 2202 1655 2273 Troiae
1671 2217 1672 2220 ¹

1004 2287 1115 2344 Noctem
1126 2289 1229 2357 hahuit,
1239 2291 1407 2359 similemque
1418 2291 1513 2353 laectn.
1523 2293 1644 2363 dausque
1655 2293 1803 2365 Capharo,

165 2380 247 2454 m
259 2381 365 2452 Sparta,
376 2382 540 2452 Therapnaea
556 2384 671 2458 pugilem
682 2399 743 2440 cum
753 2386 885 2457 pytttoade
897 2389 952 2455 pin
1003 2379 1134 2436 Cantilius
1148 2381 1220 2438 inter
1231 2396 1313 2451 aquas
1328 2382 1462 2438 llatnruatn
1478 2383 1600 2438 ructabat
1614 2384 1720 2440 Oileus.

166 2576 178 2606 ⁸
193 2566 298 2621 Stratos
314 2566 449 2638 llelrrgeiis
464 2566 579 2639 htnyeus
592 2569 711 2637 suspexit
724 2477 916 2624 ”emistus

164 2659 214 2723 Qui
227 2660 303 2728 uigor
317 2658 344 2712 itt
359 2658 490 2727 pedihus?
505 2657 602 2714 irustre
615 2660 664 2715 sihi
677 2671 755 2715 uatus
769 2661 881 2732 Ophelte

165 2749 297 2805 Sicaniam
314 2751 404 2806 triintit
419 2752 547 2822 palmam,
564 2752 722 2822 plantasque
735 2757 865 2824 superhas

165 2840 241 2897 llaud
254 2843 289 2896 ita
303 2842 458 2908 persiccum
472 2842 591 2898 Nemeen
606 2843 699 2899 lcitus
709 2846 804 2901 extulit
818 2846 916 2916 Arcas,

165 2931 248 3003 Cujus
260 2934 287 2988 iu
302 2932 391 2988 AEtnlo
403 2942 415 2970 0
427 2933 581 2989 uolitantem
596 2938 705 3005 putrere
721 2948 832 2993 matrem

166 3025 276 3080 llnrruit
289 3025 483 3095 llippomeuct,
500 3027 585 3082 tttulto
599 3030 643 3097 qui
657 3032 759 3099 cespite
770 3032 846 3086 circi.

1003 2654 1154 2724 Discipulos
1167 2671 1220 2712 oou
1240 2622 1424 2714 mttesadestt
1438 2669 1466 2715 ct
1480 2659 1556 2729 lingit
1569 2660 1731 2729 alumnum,

1003 2752 1127 2808 AEmulus
1142 2763 1253 2809 econtra
1265 2756 1389 2823 spectati
1401 2754 1472 2826 quod
1485 2756 1583 2810 viceris
1596 2756 1667 2821 odit,

1038 2472 1239 2545 Pertaloquor:
1251 2474 1313 2546 quid
1331 2477 1402 2546 quod
1422 2476 1585 2546 quotiestilri
1605 2477 1679 2532 heila
1703 2493 1801 2547 gertus-

1700 2568 1767 2642 [tur,

1004 2844 1036 2899 Et
1047 2859 1114 2912 qnos
1126 2842 1211 2898 vincis
1223 2854 1294 2899 amat
1313 2861 1322 2900 z
1337 2854 1408 2900 totus
1419 2844 1544 2900 dortttitat
1560 2845 1592 2900 ad
1605 2846 1690 2901 istum

1006 2937 1117 3005 llagous
1132 2937 1293 3002 Alexander,
1310 2937 1393 3007 petris
1406 2954 1484 3008 quent
1498 2939 1583 3008 gloria
1600 2940 1691 2994 torsit.

1007 3030 1076 3098 Quid
1092 3030 1186 3084 tactam
1201 3030 1313 3085 iolclisi
1329 3041 1390 3085 nmo
1401 3045 1463 3101 qua
1477 3044 1557 3101 regna
1572 3031 1696 3100 parabo,

167 3113 326 3182 Coutemptu
341 3115 495 3178 praemissus
509 3127 577 3183 erat,
594 3131 653 3172 cnm
668 3122 785 3177 carceris
798 3132 875 3178 antro
967 3115 990 3177 C
1008 3123 1120 3178 Exclusa
1134 3122 1247 3194 sceptris
1259 3123 1369 3191 Geticis,
1384 3124 1533 3193 respublica
1545 3126 1566 3178 si
1578 3139 1622 3178 me

167 3204 282 3260 Emicuit
297 3206 388 3274 pernis
406 3206 502 3274 populo
516 3207 664 3275 trepidante
675 3209 777 3280 virago,

166 3295 209 3350 tiit
224 3303 279 3350 toto
293 3305 393 3350 tactura
409 3297 577 3365 gundresum
592 3299 705 3368 pallidus
719 3302 764 3357 iile

167 3385 323 3459 licspicrret
336 3387 451 3444 medium
466 3398 526 3459 post
537 3405 567 3446 se
580 3391 737 3448 decrescere
749 3408 883 3465 cautpum,

167 3474 202 3535 Et
215 3476 307 3548 leugas
322 3480 353 3534 ad
366 3483 440 3549 sigua
457 3481 512 3536 rius
524 3522 532 3548 ,
546 3482 663 3553 liatuque
675 3486 825 3553 propinquo

167 3571 278 3628 Pressus
293 3572 319 3627 iu
333 3572 423 3627 hostili
435 3572 489 3643 jant
505 3583 624 3630 curreret
635 3577 730 3631 antius
746 3577 855 3645 untltra,

204 3732 214 3755 ¹
235 3731 413 3786 {lacunam
436 3739 629 3786 commemorat
652 3731 770 3786 carmine
791 3731 835 3789 li.
852 3741 955 3789 exstat·

168 3817 220 3873 que
234 3800 267 3855 de
281 3800 373 3855 eadent
397 3816 425 3854 re
448 3812 523 3854 uetus
543 3800 685 3855 distichum
710 3801 755 3856 lih.
777 3818 803 3855 ιν
822 3807 956 3872 epigram-

168 3882 286 3999 mm!
312 3870 382 3941 quod
405 3871 525 3925 Pitlrtrus
550 3870 653 3926 Sidonii
677 3873 761 3941 ipsius
783 3889 843 3929 csse
864 3875 957 3945 cortic-

229 4031 330 4088 Certus,
340 4042 409 4093 aper,
422 4028 532 4084 coluber.
540 4043 589 4079 uon
598 4043 683 4095 cursu,
691 4031 766 4082 dente
776 4045 872 4083 reocuo

260 4091 373 4143 llitaruut
383 4097 456 4153 lctus,
467 4093 609 4155 llajoriaue,
621 4101 685 4143 tuus.

201 4225 217 4266 b
232 4226 314 4281 ticon
330 4224 372 4278 hic
386 4222 541 4278 Cretensis:
558 4222 591 4275 de
604 4236 657 4291 qno
667 4230 693 4275 et
708 4220 823 4277 Pitalero
838 4221 892 4275 lilio
904 4221 956 4275 lla-

167 4299 276 4355 oittusv
291 4294 505 4360 astronomicum,
524 4304 550 4347 et
562 4292 683 4347 Valerius
696 4291 807 4345 Flaccus
821 4293 956 4355 drgnuau-

168 4372 240 4423 ticnn
255 4383 272 4420 t.
289 4366 342 4419 Nec
358 4367 445 4419 minus
459 4364 595 4434 eleganter
608 4360 718 4418 Graccus
735 4373 811 4431 pocta
827 4364 957 4417 hntltolo-

167 4439 218 4511 gite
231 4438 278 4491 lih.
292 4450 328 4501 ut,
343 4436 387 4491 ll.

222 4524 302 4582 liuida
313 4532 398 4602 πατὴρ
412 4522 507 4580 ”hiron
521 4524 584 4598 ὀλοῷ
598 4544 669 4596 oper
682 4523 754 4576 θέντα
767 4518 885 4595 δράκοντι

274 4594 316 4648 Ἀθ
334 4600 408 4659 noae,
423 4595 490 4668 δειλῇ
504 4597 575 4659 τὸξαν
596 4545 693 4679 intorpuit
712 4596 779 4669 χιρί.

222 4666 302 4725 θηρὸς
315 4614 337 4720 ς’
346 4667 388 4718 οὐκ
407 4668 546 4738 ἀφάμαρτε.
564 4661 605 4719 διὰ
619 4684 745 4733 stuperes
760 4665 808 4738 γὰρ
823 4663 907 4724 doris

260 4727 353 4798 ’Ἧὶξτν
367 4736 457 4789 analeo
473 4735 545 4805 βαιὸν
558 4735 648 4810 hospis
664 4734 782 4808 βρέφους.

221 4804 384 4874 Παυσάμενοι
398 4803 425 4859 di
435 4804 520 4876 ρόνου,
536 4807 608 4879 παρὰ
621 4800 680 4879 δρυῒ
691 4802 749 4877 τῇδε
763 4805 890 4879 φαρέτραν

275 4885 344 4946 Σῆμα
357 4878 399 4929 καί
411 4876 533 4946 εὐτυχίης
545 4875 601 4934 θῆαι
615 4880 657 4929 ναὶ
670 4875 821 4946 ιῦστοχίης.

206 5005 373 5061 eContrario
384 5020 464 5060 seusu
478 5003 587 5074 vulgati,
604 5012 713 5058 stratum
727 5005 860 5074 dtuqrum.
872 5005 956 5071 Amy-

171 5091 220 5134 cus
233 5079 304 5131 euirn
320 5075 342 5130 is
356 5087 397 5130 cst
415 5078 458 5144 qui
473 5076 569 5144 pugilis
584 5074 758 5142 Therapnaei,
773 5088 820 5130 seu
834 5074 957 5130 lacedae-

170 5147 254 5203 monii
271 5147 384 5201 Pollucis
397 5149 465 5202 uires
478 5146 614 5212 suspexit,
630 5159 692 5200 ctnu
713 5144 747 5199 ab
759 5160 792 5201 eo
809 5155 956 5214 prostratus

169 5230 252 5280 esset,
264 5219 308 5284 qni
325 5226 438 5271 caeteros
453 5219 558 5270 uincere
570 5213 683 5270 solcha't.

204 5286 218 5326 ‘¹
230 5288 438 5354 Parthenopaeus
449 5288 590 5345 dulantur.
603 5287 636 5340 de
647 5301 697 5352 qna
706 5300 776 5340 mox.
787 5285 856 5337 itlius
864 5298 897 5339 ex
906 5284 954 5337 lli-

169 5356 285 5415 lanioue.
302 5358 404 5412 Arcade
426 5355 639 5425 Parthenopaeum
654 5366 729 5409 rorat
748 5356 827 5410 etiarn
841 5354 956 5420 Statius,

170 5443 303 5498 cursuque
316 5430 342 5484 iu
356 5427 455 5483 Nemea
470 5428 535 5481 silva
547 5425 674 5479 rictorem
687 5425 748 5479 iacit
764 5424 832 5479 libro
846 5440 870 5478 vt
883 5425 955 5479 The·

170 5495 277 5557 ltaidos:
297 5494 615 5571 ¹³²110²il¹⁰¹¹⁰d⁰i¹¹S
636 5495 684 5549 lib.
703 5510 732 5549 ιιι
753 5496 816 5550 belli
838 5495 956 5549 'ilicitani

171 5571 251 5622 duces
270 5585 446 5630 enumerans,
466 5569 645 5644 Παρθενοπαῖος
662 5567 824 5621 uariatione:
845 5566 955 5640 ἰρκάςε

172 5635 371 5706 Partlteuopoeus
384 5638 533 5693 liileuiont's
547 5638 627 5705 filius,
643 5637 731 5690 Arcas.
745 5647 781 5689 tte
793 5650 846 5704 quo
859 5635 955 5690 lterttut

170 5717 230 5777 posi
243 5708 309 5778 dita,
327 5711 439 5782 ipinnnee
452 5709 478 5765 δὲ
493 5712 520 5765 ἐκ
535 5709 699 5768 Mitissimum
713 5706 848 5765 'stridore
862 5707 955 5777 Παρθι-

1006 3217 1141 3282 Praeterit,
1158 3228 1184 3272 et
1201 3213 1213 3264 ἲ.
1229 3233 1327 3284 paruus
1341 3233 1422 3286 super
1436 3217 1486 3271 ltoc
1501 3215 1669 3272 Gaudentius
1686 3215 1767 3286 hujus

1005 3307 1129 3362 Calcatur
1144 3308 1221 3364 iatisl
1234 3308 1313 3363 istum
1327 3308 1382 3375 jam
1396 3305 1480 3362 Gallia
1493 3307 1595 3373 laudat,

1007 3400 1137 3469 Qttodqne
1149 3415 1196 3469 per
1207 3399 1340 3468 Europam
1354 3409 1396 3454 est
1407 3417 1414 3451 ι
1427 3397 1520 3469 rigidis
1531 3397 1602 3453 huuc
1614 3395 1700 3452 ahluit
1711 3395 1799 3462 undis,

1008 3490 1135 3558 llltenus,
1152 3494 1229 3557 orer,
1245 3489 1403 3558 Rhodanus,
1419 3489 1502 3554 llosa,
1517 3489 1647 3552 ilatrona,
1664 3488 1800 3557 Sequana,

1615 3578 1645 3651 [ε
1662 3579 1764 3642 Ledus,

1008 3745 1129 3793 seruies.
1148 3733 1175 3799 ir
1189 3739 1231 3792 int
1247 3737 1333 3798 Θήΰας
1351 3738 1552 3812 ἐστρατεύσατο.
1568 3733 1662 3791 Grauis
1676 3751 1709 3790 ea
1727 3735 1803 3789 iiilu-

1009 3808 1084 3858 m'nue
1098 3808 1218 3860 dtuloutu
1235 3806 1468 3876 Parthenopaeum,
1483 3812 1525 3876 qui
1540 3806 1686 3860 Thelanem
1697 3807 1806 3877 capedi-

1009 3878 1103 3930 lt'euem
1113 3887 1212 3930 secturus
1223 3887 1271 3930 est.

1047 3957 1059 3984 ⁸
1076 3948 1236 4001 Atalantam.
1248 3950 1330 4001 huten
1344 3945 1454 4001 Merum
1465 3946 1610 4010 legebatur,
1623 3944 1698 3999 nullo
1709 3959 1802 4000 seostt.

1011 4016 1102 4083 tuque
1113 4027 1185 4071 certa
1204 4026 1284 4071 estet
1300 4020 1466 4078 necessaria,
1484 4016 1546 4070 licet
1560 4014 1640 4069 utrius
1656 4023 1761 4070 tanttun
1775 4024 1803 4070 et

1010 4087 1134 4150 alterius,
1156 4101 1205 4142 uec
1224 4091 1385 4155 optimorum
1405 4086 1538 4151 codicutn,
1556 4085 1722 4140 etueudatio.
1745 4085 1802 4139 lilii

1010 4157 1151 4282 pensione
1164 4170 1276 4214 matrem
1288 4163 1490 4223 eotttmetuorat,
1506 4169 1535 4211 ut
1549 4168 1577 4210 ct
1589 4155 1694 4212 Statius
1706 4157 1799 4213 cudero

1020 4242 1069 4283 oco
1081 4247 1088 4281 :

973 4334 998 4394 ρ)
1072 4317 1133 4368 Nota
1145 4331 1234 4379 parcos
1245 4330 1316 4368 cursu
1331 4332 1337 4367 :
1351 4319 1405 4379 quis
1416 4316 1532 4367 naualia
1542 4313 1664 4367 Atalantae

1071 4379 1172 4430 Nesciat
1184 4384 1312 4442 egregium
1321 4379 1405 4438 dectus,
1418 4385 1445 4429 et
1457 4380 1560 4442 uestigia
1570 4383 1667 4429 turmis

1072 4439 1256 4504 indeprehensa
1270 4442 1365 4504 procis?

1051 4584 1060 4625 ¹
1078 4584 1205 4641 Filiorum
1219 4586 1299 4650 herii,
1315 4601 1428 4656 quornm
1441 4584 1548 4650 quidem
1563 4583 1691 4639 memoria
1704 4593 1802 4654 exstat,

1013 4657 1081 4711 alter
1092 4657 1126 4711 do
1140 4657 1183 4708 ari
1202 4657 1314 4710 materni
1330 4653 1438 4710 nornine
1451 4654 1569 4724 Carpilio
1584 4655 1737 4721 appellatus
1751 4665 1803 4711 est.

1010 4728 1079 4781 helii
1096 4741 1212 4789 natoque
1227 4740 1294 4780 tutor
1308 4726 1401 4780 incerti
1417 4726 1549 4794 nominis,
1570 4723 1623 4779 itlia
1646 4723 1695 4778 luit
1710 4726 1805 4794 Carpi·

1010 4797 1079 4851 lonis
1101 4813 1131 4849 er
1148 4797 1245 4850 corruite
1265 4795 1490 4861 domesticorum,
1513 4805 1542 4850 ut
1556 4806 1649 4850 auctor
1670 4804 1713 4847 est
1735 4797 1804 4860 apud

1010 4865 1166 4936 Gregorittm
1190 4865 1290 4920 Turum
1316 4865 1480 4931 Frigeridus.
1510 4865 1635 4922 Sidotutts
1659 4862 1804 4920 Gothicam

1011 4937 1048 4990 illl
1066 4939 1184 5004 regiique
1202 4940 1338 5004 sauguinis
1351 4937 1461 5004 stirpem
1476 4935 1558 4991 intissc
1569 4935 1701 5004 signtttcn
1713 4950 1722 4997 i
1735 4935 1805 4988 alio·

1011 5007 1055 5074 qni
1068 5008 1205 5062 ctclusatu
1226 5022 1255 5061 se
1270 5021 1285 5058 a
1299 5006 1412 5072 sceptris
1433 5005 1533 5061 Getieis
1556 5021 1609 5059 uon
1631 5014 1805 5074 quereretur.

1007 5076 1279 5137 hiterGaudcotius,
1294 5076 1394 5143 dequo
1414 5077 1456 5131 tric
1469 5091 1575 5140 sermo,
1594 5089 1646 5128 are
1667 5073 1735 5128 item
1758 5076 1807 5132 ssd

1008 5156 1120 5215 paterno
1134 5146 1309 5213 cognominis.
1327 5149 1404 5202 Aetio
1423 5145 1494 5201 enim
1515 5143 1661 5215 paterinis
1674 5142 1806 5200 Gaudeo-

1008 5221 1077 5277 tlus,
1099 5231 1189 5271 comes
1204 5225 1231 5271 et
1250 5217 1376 5286 magister
1394 5219 1530 5287 equitnm.
1546 5230 1625 5284 quem
1642 5215 1761 5284 Prosper
1776 5216 1805 5271 itt

1008 5287 1102 5342 Galliis
1115 5302 1129 5340 a
1144 5287 1271 5341 militibus
1284 5289 1401 5341 occisum
1416 5296 1500 5341 notat.
1523 5285 1652 5340 lluuoicae
1663 5284 1808 5348 legationis

1013 5373 1063 5427 qua
1082 5357 1187 5411 iunctus
1202 5368 1243 5412 est
1260 5358 1376 5427 itai-pilio
1397 5356 1485 5423 lilltts,
1501 5358 1578 5410 testis
1591 5369 1630 5410 est
1648 5354 1761 5410 Priscus
1779 5357 1808 5411 iu

1009 5430 1143 5490 excerptis
1168 5428 1343 5495 legatioount,
1360 5437 1387 5481 ct
1406 5427 1521 5482 Senam
1534 5443 1544 5480 ι
1558 5426 1676 5488 varon..
1692 5428 1721 5480 l.
1736 5425 1809 5480 Gau·

1008 5497 1127 5551 dentium
1147 5513 1211 5552 uero
1230 5500 1299 5551 ltunc
1316 5497 1388 5552 Urlte
1402 5508 1479 5567 ttapta
1500 5498 1527 5551 itt
1542 5497 1659 5550 atricum
1674 5510 1739 5549 cnm
1755 5495 1809 5549 l'a·

1009 5567 1148 5691 ffintiniaui
1179 5569 1283 5622 lilialrus
1313 5567 1456 5622 abductum
1487 5583 1503 5622 a
1531 5565 1678 5623 Geoscrico
1712 5576 1809 5622 narrat

1039 5639 1115 5693 atius.

1042 5717 1054 5755 t
1071 5707 1097 5764 lu
1111 5711 1161 5763 hoc
1176 5708 1289 5765 elettclto
1301 5706 1444 5767 liurioruttt
1458 5706 1550 5765 Gallie
1561 5744 1570 5775 ,
1581 5720 1650 5780 quot
1664 5705 1808 5779 Maioriani
