3788 6120
127 260 194 318 ets*
674 262 716 318 bu
736 261 862 318 cunita
882 261 954 329 ttul,
975 258 1063 331 ETC„
1084 261 1147 318 utu.
1167 261 1200 322 ll.
1706 261 1760 320 etl

127 373 285 438 nntenstnt,
295 381 388 428 domus
400 372 627 445 lsraei‚·poonisns
640 379 699 431 nolo
716 391 822 433 mortens
831 378 915 450 impii,
929 382 957 441 A
969 376 1089 445 homini,
1104 375 1152 433 sed
1167 389 1327 433 consensum
1349 377 1467 434 llominis
1489 380 1619 436 voluntati
1643 396 1699 437 strae
1710 384 1759 437 de·
1776 415 1782 476 ί

126 464 189 519 dicit
206 462 351 519 eontinet
365 465 528 520 llesertimini
549 477 573 522 et
591 467 662 522 uiuite
685 468 792 541 (suet.
809 471 916 540 ιιιιιι).
971 467 1053 522 luisse
1067 464 1236 521 monstravit.
1251 463 1320 533 Quid
1335 468 1431 523 mirum
1443 469 1466 525 si
1480 484 1529 540 pro
1543 469 1630 527 salute
1642 471 1759 531 bominis

128 555 161 610 Et
172 555 402 624 quomodoeosio
414 566 575 621 mortem,ut
591 559 775 629 blaspircmas,
792 561 917 629 impellit,
971 557 1105 627 lacrymas
1122 556 1200 622 ludit,
1216 570 1277 612 risos
1289 561 1447 629 sanguinent
1459 561 1640 630 profusurus?
1654 563 1719 620 ltent
1729 563 1757 620 in

126 657 194 713 quos
202 642 322 698 advitam
330 645 475 700 nonsolnm
487 646 686 716 nutuiubentis,
694 649 740 704 sed
749 649 846 706 allecto
855 664 919 717 sup·
971 648 1097 703 tlatttnoo
1114 666 1120 701 :
1136 647 1290 715 ierusalem,
1310 666 1368 719 quse
1381 652 1476 706 occidis
1490 654 1638 722 propbetas,
1652 664 1677 709 et
1692 655 1758 721 lopi-

125 733 253 804 plieantis
273 733 377 797 inritat.
395 734 478 791 item:
494 735 618 810 Viooepo,
633 737 695 792 dicit
707 739 847 807 Dominus,
858 741 918 795 nolo
970 738 1018 792 das
1031 753 1074 792 coa
1084 738 1128 807 gui
1137 737 1172 792 od
1192 748 1215 792 te
1229 740 1301 794 missi
1323 751 1392 807 sunt,
1405 745 1503 811 quinties
1515 747 1584 800 uolui
1602 761 1757 818 coraprepors

124 831 231 876 mortem
239 823 323 894 impii,
330 823 374 877 sed
387 833 415 878 tst
423 829 660 898 serutaturimpius
670 830 732 884 eoin
742 847 801 897 suc,
815 841 839 887 el
850 832 919 887 uiuet
968 829 1037 897 filies
1051 837 1109 884 laos
1124 832 1190 885 st'cttl
1203 830 1300 902 pallitta
1315 842 1452 904 conprepttt
1463 836 1546 902 pullos
1565 854 1624 893 suos
1639 838 1684 891 sub
1700 840 1757 894 tritta

124 911 222 983 (Num.
231 913 296 982 ιιι).
306 913 430 970 lleditum
440 929 472 970 se
479 916 505 970 in
515 925 647 984 potestate
654 917 752 975 babere
760 930 916 991 cognoscat,
968 937 1045 988 snos,
1062 932 1085 975 et
1103 922 1231 978 noluisti?
1242 924 1312 977 brias
1338 939 1380 978 res
1396 924 1439 980 lric
1458 926 1513 997 agit
1530 940 1620 982 sermo
1639 927 1755 984 dtrtnns.

124 1005 317 1075 puialloutino
328 1016 488 1075 prouocatur
502 1017 530 1062 ut
543 1010 715 1065 redeatl'ioo
728 1014 854 1082 ego,dicit
867 1011 917 1069 ilo·
968 1012 1033 1068 Nam
1050 1014 1112 1069 dum
1128 1015 1212 1070 dicit:
1231 1016 1336 1083 Quoties
1353 1014 1424 1071 nolui
1433 1058 1440 1082 ,
1466 1027 1490 1073 et
1513 1019 1626 1083 noluisti,
1650 1020 1677 1075 in
1703 1020 1757 1076 ileo

124 1097 222 1151 misus.
239 1095 324 1152 Nede
340 1095 502 1166 indulgentia
513 1099 786 1171 reusdnbitat,jutleu
797 1103 916 1160 clemen·
968 1104 1097 1173 propositi
1110 1103 1226 1169 bonitas,
1243 1106 1269 1158 in
1282 1105 1388 1160 homine
1403 1106 1506 1162 arbitrii
1523 1117 1565 1163 est
1584 1123 1711 1179 expressa
1724 1110 1757 1165 li-

125 1189 277 1242 tiamsuarn
298 1186 380 1242 etiarn
399 1187 513 1255 quadam
528 1193 688 1246 sacramenti
714 1193 917 1262 interpositione
967 1195 1066 1250 bertas.
1078 1194 1197 1251 Dicendo
1211 1206 1300 1252 autem
1322 1212 1329 1251 ε
1346 1194 1568 1268 tenentemque
1589 1199 1685 1256 reddis
1697 1215 1757 1271 pre·

123 1276 275 1332 eonllrmat.
292 1277 345 1333 Sed
360 1286 388 1333 et
403 1293 450 1348 per
464 1280 577 1348 apostoli
600 1280 670 1336 Petri
685 1285 846 1340 sententiam
866 1300 915 1342 ro·
967 1287 1068 1355 piretus,
1083 1287 1218 1358 etlepidos
1232 1288 1376 1359 respuisti
1390 1296 1414 1343 te
1432 1290 1504 1344 missi
1524 1299 1594 1356 sunt,
1609 1293 1714 1349 saltare
1725 1307 1756 1349 se

125 1358 215 1423 lutcus
229 1367 412 1438 benignissimi
438 1368 590 1425 insinuatur
615 1373 726 1429 actoris.
743 1373 805 1429 Non
819 1375 915 1442 tardor,
966 1390 1014 1430 eos
1028 1377 1144 1431 soluisse
1153 1378 1317 1446 pronuntiat,
1333 1392 1393 1432 cum
1410 1378 1548 1435 evidenter
1558 1380 1678 1450 proierat
1691 1397 1755 1438 cau·

125 1458 222 1528 iuquit,
238 1457 363 1514 Dominus
387 1461 538 1532 promissum
561 1478 649 1530 suam,
667 1464 712 1518 sed
723 1467 848 1535 potientes
862 1467 916 1538 opit
967 1481 1011 1520 sat
1027 1481 1074 1535 per
1088 1481 1155 1534 quas
1169 1468 1282 1523 salutern
1296 1467 1336 1522 cis
1351 1482 1449 1538 negare
1472 1468 1603 1526 debuerit.
1626 1471 1682 1528 lluc
1695 1473 1755 1529 loco

91 1574 95 1580 ,
125 1551 393 1619 properassemus
407 1552 509 1622 clipeos
527 1555 620 1622 perire,
636 1556 680 1609 sed
693 1557 728 1611 ad
744 1559 916 1626 penitentium
966 1556 1067 1625 dtnptni
1090 1573 1150 1627 gem
1160 1573 1189 1614 re
1215 1559 1241 1613 in
1266 1572 1344 1614 servo
1367 1558 1492 1630 iniquitas
1517 1571 1635 1617 cruentae
1658 1565 1754 1624 ntcntis

125 1640 216 1696 reuerti
229 1639 274 1713 (lt
288 1641 347 1696 Pet.
369 1650 419 1712 ιιι).
440 1645 562 1700 Peccanti
586 1647 717 1718 ingeritur
744 1652 914 1720 punitentia,
965 1648 1127 1704 ostenditur.
1145 1647 1173 1704 in
1189 1649 1304 1706 llotnino
1318 1649 1483 1721 induigentia
1498 1653 1696 1724 benignissimae
1708 1670 1755 1711 ro·

125 1732 196 1788 utin
216 1733 379 1789 conterenda
395 1735 577 1792 misericordia
601 1737 689 1794 iocum
713 1742 804 1810 possit,
818 1742 916 1801 habere
930 1749 954 1810 tt
968 1741 1079 1796 luntatis
1094 1740 1225 1810 aperitur.
1238 1742 1265 1798 st
1279 1741 1350 1798 licus
1364 1746 1451 1815 perire
1462 1744 1517 1800 solt
1531 1746 1676 1812 bominem,
1687 1762 1754 1817 puo-

125 1823 237 1893 iustitia.
263 1823 318 1879 Sed
341 1826 484 1896 patienter,
500 1826 604 1898 instuit,
626 1832 679 1903 opit
700 1833 913 1892 emendationem
965 1830 1046 1887 modo
1060 1831 1125 1887 dicit
1146 1832 1227 1887 etiam
1244 1835 1374 1905 propbeta
1390 1834 1536 1891 llicbaeas:
1551 1835 1675 1891 indicabo
1697 1836 1752 1901 tili,

133 1915 264 1982 bominis,
279 1915 342 1985 quia
365 1917 534 1987 impatienter
551 1918 702 1991 desiderat,
721 1925 854 1994 patienter
869 1943 916 1983 ex·
966 1925 1082 1993 odone,
1096 1926 1158 1991 quid
1177 1927 1211 1981 s‘t
1231 1925 1324 1981 bonum
1338 1936 1361 1981 et
1380 1927 1443 1996 quid
1463 1928 1588 1984 Derdam
1610 1929 1753 2000 requirere

127 2014 242 2076 spectat.
255 2005 322 2085 item
337 2009 483 2064 secundum
497 2010 595 2066 Lucani
608 2029 616 2069 :
628 2013 662 2068 Et
677 2025 704 2070 tst
723 2021 913 2089 appropinquo·
964 2028 988 2073 te
997 2034 1006 2083 ,·
1016 2018 1101 2086 stipae
1109 2018 1194 2087 [acere
1202 2017 1344 2090 judicium,
1356 2027 1379 2071 et
1394 2017 1501 2091 diligere
1514 2019 1716 2073 misericordium
1729 2030 1754 2074 et

127 2099 172 2163 cit,
187 2098 277 2154 uidens
289 2100 425 2165 ciuitatem,
446 2104 515 2170 penit
534 2120 612 2173 super
636 2107 708 2160 iliam
730 2109 839 2165 dicens:
855 2110 916 2167 Non
963 2109 1101 2163 sollicitum
1121 2108 1254 2162 ambulare
1274 2123 1332 2162 cutst
1352 2107 1406 2163 Deo
1429 2117 1473 2163 tsto
1494 2107 1594 2181 (unt.
1608 2108 1660 2179 ιι).
1685 2111 1752 2166 [ιιιιιι

125 2189 264 2259 relinquent
275 2192 302 2245 in
325 2199 349 2246 te
362 2192 475 2260 lepidast
491 2211 567 2265 sttpcr
586 2196 717 2265 lapidem,
734 2214 764 2253 eo
777 2201 847 2270 quod
862 2218 913 2256 nost
964 2201 1040 2269 dicit,
1056 2209 1079 2255 et
1101 2200 1164 2271 quid
1176 2197 1304 2255 Dominus
1315 2210 1412 2271 guoeret
1425 2216 1441 2254 r
1452 2209 1486 2266 te,
1508 2201 1688 2273 utiquelorere
1702 2206 1753 2276 jsr-

125 2281 270 2352 ropnooeris
281 2290 380 2351 tempus
390 2284 544 2340 visitationis
555 2295 605 2340 tuoe
620 2285 695 2358 (luc.
709 2289 777 2361 ιιι).
789 2289 837 2346 llic
849 2305 914 2346 con·
965 2291 1072 2358 dicium,
1084 2297 1236 2361 promptam
1246 2291 1388 2347 exercendi
1403 2289 1467 2346 boni
1487 2292 1577 2361 operis
1586 2294 1751 2349 voluntatem

125 2372 270 2442 stringendi
280 2382 344 2429 sunt
357 2374 485 2431 baeretici.
503 2377 533 2434 Si
548 2377 677 2436 Dominus
688 2381 914 2450 periturissalotis
965 2397 1018 2438 non
1034 2390 1199 2453 reposceret,
1210 2381 1232 2436 si
1244 2397 1296 2437 non
1307 2380 1437 2438 dedisset.
1452 2381 1533 2437 lides
1544 2383 1606 2454 quia
1621 2384 1690 2440 sicot
1703 2383 1753 2440 uei

124 2464 310 2521 intercluserat
333 2466 453 2534 aditum,
485 2483 550 2539 crgo
578 2469 645 2526 laiso
669 2473 780 2528 istorum
803 2473 914 2530 dederit
965 2484 1007 2530 est
1020 2483 1050 2530 ut
1064 2488 1215 2545 provocans
1227 2473 1395 2538 adhortetur,
1411 2471 1448 2526 ita
1463 2470 1622 2528 obedientie
1636 2471 1751 2529 bominis

125 2547 288 2618 esitium.'Si
301 2571 390 2617 autent
400 2577 491 2617 corum
507 2565 684 2634 perditionem
697 2567 818 2641 sero,(ut
828 2570 914 2624 marri·
966 2573 1131 2621 reservatum
1140 2574 1182 2621 est
1196 2572 1224 2618 ut
1237 2572 1373 2634 sequatur.

125 2650 219 2707 testum
234 2649 288 2722 est)
298 2666 416 2708 maerore
429 2652 574 2722 perdoluit,
589 2670 642 2710 non
655 2659 818 2714 uoluntatem
837 2673 912 2713 suam

574 2848 811 2959 LIBER
848 2844 1281 2957 SECUNDUS.

379 3007 492 3066 caetu
510 3008 653 3066 ettttttltl.
924 3007 1044 3083 edicit:
1062 2991 1197 3061 obduravit
1217 3022 1260 3061 eor
1278 3021 1369 3074 situm,
1390 3021 1443 3063 uon
1467 3008 1602 3078 passivum
1625 3020 1684 3078 est,
1704 3012 1752 3068 scd

125 3101 352 3172 consenserant
365 3102 597 3170 insternentes
612 3102 665 3158 lieo
675 3103 822 3158 induratum
833 3105 912 3172 lusisse
963 3103 1089 3157 activum.
1104 3099 1149 3154 Vis
1163 3099 1232 3154 scire
1245 3098 1307 3169 qnia
1321 3098 1409 3154 utrina
1433 3099 1618 3156 mederatione
1636 3102 1673 3158 ob
1688 3115 1751 3159 cru·

392 3188 436 3226 ‘⁰'
451 3171 608 3227 Phflmffllss·
963 3209 1020 3250 saur
1040 3193 1171 3249 indurate
1193 3195 1290 3247 mentis
1310 3192 1454 3262 operaturi
1474 3191 1545 3249 ltlesn
1568 3195 1626 3264 lpse
1647 3193 1752 3251 Pbarso

161 3289 210 3345 llic
225 3303 334 3344 sensum
358 3287 503 3358 scripture
517 3297 616 3343 sancte
630 3286 772 3344 sollicitius
794 3301 913 3357 perscru-
964 3289 992 3343 ιιι
1008 3289 1099 3344 decem
1123 3285 1208 3358 pingis
1230 3284 1333 3356 positus
1353 3300 1414 3341 cum
1428 3293 1625 3356 percuteretur,
1645 3287 1752 3359 mitiga-

127 3395 222 3450 tentur,
242 3390 270 3438 et
286 3380 436 3452 objicientis
456 3380 575 3436 animum
597 3379 802 3442 conlaudamus.
824 3389 911 3436 utrum
964 3381 1057 3447 batur;
1074 3395 1134 3434 cum
1158 3382 1304 3443 laxnretur,
1319 3377 1517 3448 ingravabatur.
1536 3382 1575 3434 tlc
1594 3380 1619 3434 si
1642 3382 1752 3449 impium

126 3473 229 3529 rtnrsn
246 3473 350 3542 solens,
365 3487 400 3528 sn
421 3471 522 3527 inritus
544 3486 559 3526 a
575 3471 689 3526 Domino
703 3470 783 3526 luerit
804 3469 913 3525 indura·
962 3472 1051 3528 divina
1066 3470 1198 3528 severitas
1212 3470 1373 3537 inclinabat,
1386 3471 1491 3527 bonius
1504 3471 1667 3538 obdurabat,
1681 3483 1708 3529 et
1722 3484 1752 3530 ut

127 3577 177 3622 tus.
191 3565 220 3621 Si
233 3564 341 3632 solens,
354 3564 405 3635 ipsi
423 3563 514 3633 utique
528 3562 635 3633 culpam
652 3561 835 3618 obdurationis
848 3561 913 3615 assi·
962 3578 992 3620 se
1006 3579 1067 3620 esse
1087 3561 1166 3618 liberi
1186 3560 1290 3616 arbitrii
1305 3560 1517 3628 demonstraret,
1537 3564 1683 3633 castigante
1697 3565 1752 3620 llcs

126 3671 206 3727 gnas3
228 3657 252 3712 si
273 3671 338 3713 sero
360 3656 474 3722 inritos,
496 3655 664 3727 iniquitatem
688 3654 734 3710 llei
756 3652 913 3709 obdurantis
962 3656 1088 3727 populum
1112 3653 1281 3717 dimittebat,
1301 3663 1427 3722 parcente
1447 3653 1599 3710 revocabat.
1624 3656 1752 3726 Perspice

126 3763 245 3806 accusas.
259 3747 323 3817 Qua
337 3747 418 3803 etiam
434 3747 536 3818 justitia
551 3755 624 3812 erat,
641 3746 663 3801 si
684 3759 764 3815 quem
785 3746 842 3815 ipse
862 3744 912 3800 ob·
962 3745 1096 3817 quomodo
1108 3744 1237 3802 rebeliem
1250 3744 1372 3815 spiritum
1385 3745 1503 3802 coeiestis
1516 3748 1612 3804 tenitas
1624 3750 1751 3807 obdurat.

125 3840 284 3907 durarunt,
302 3838 360 3910 ipse
373 3838 495 3910 puniretl
510 3839 575 3894 Cum
590 3853 655 3893 tero
667 3836 795 3893 Dominus
806 3837 865 3907 lpse
878 3834 912 3891 ad
962 3840 1161 3899 decedentibus
1184 3841 1334 3897 mitioribus
1361 3848 1390 3896 et
1410 3840 1522 3910 flagellis
1543 3846 1696 3901 recessibus
1710 3845 1752 3900 in·

126 3930 461 4001 eumioquaturetdicat:
476 3928 913 3999 Cmnonoisdinsittsrepepulom
962 3932 1083 3989 soletcit.
1110 3934 1233 4004 Agnosce
1262 3933 1394 3988 rationem
1421 3932 1623 4003 obdurationis,
1647 3948 1674 3992 et
1697 3939 1751 3994 vim

125 4026 225 4080 mmm?
239 4022 277 4079 sel
291 4040 421 4096 usquequo
434 4039 486 4076 ason
499 4024 536 4078 sis
552 4022 645 4096 subjici
656 4022 718 4076 milri
731 4019 830 4094 (daed.
845 4018 913 4090 still
963 4023 1078 4095 propriae
1089 4022 1243 4078 roluntatis.
1256 4022 1396 4078 liebraeunt
1410 4023 1556 4093 populum,
1570 4041 1650 4095 quent
1660 4028 1751 4093 egredi

125 4133 187 4174 esec
203 4117 246 4174 ubi
267 4116 363 4173 divinis
383 4115 541 4172 testimoniis
560 4116 670 4172 lberam
691 4114 774 4170 luisse
797 4113 824 4168 in
845 4111 912 4166 Pira-
962 4128 1011 4186 pro
1029 4114 1152 4185 imposita
1173 4111 1224 4168 sibi
1239 4112 1399 4168 contritione
1417 4126 1488 4168 nunc
1510 4114 1644 4184 praecipit,
1657 4126 1684 4171 et
1703 4131 1751 4187 pro

125 4222 207 4263 raone
222 4205 392 4277 agnoscimus
409 4206 588 4262 voluntatem.
605 4205 661 4263 llac
676 4207 780 4262 ratione
795 4205 913 4259 Pharao·
962 4203 1099 4276 plagarum
1113 4202 1297 4259 moderatione
1312 4215 1382 4258 nunc
1395 4200 1538 4272 probibet,
1550 4202 1584 4258 ad
1599 4211 1750 4264 extreutum

79 4324 86 4329 ·
125 4312 201 4366 nem,
217 4297 283 4353 dicit
298 4298 440 4364 Dominus,
462 4297 613 4362 obdurabo,
635 4297 699 4352 dom
715 4311 777 4352 eom
797 4295 863 4351 mibi
885 4294 912 4349 in
963 4295 1177 4353 lncumbentibus
1199 4294 1284 4368 plagis
1316 4294 1398 4351 etiam
1430 4293 1541 4351 testtnos
1568 4301 1695 4367 perurget
1722 4308 1752 4355 et

27 4416 36 4433 =
124 4392 216 4447 decem
239 4388 333 4462 plagis,
349 4404 444 4460 quasa
464 4388 556 4458 llnyse
573 4386 1040 4454 exoratusreososeo,in·1)abire
1057 4387 1204 4456 compellit.
1226 4385 1285 4442 Non
1308 4400 1373 4457 ergo
1390 4384 1529 4441 induratur
1548 4384 1575 4440 in
1595 4386 1679 4442 multa
1702 4387 1750 4445 [lei

124 4484 225 4540 sultare
241 4484 377 4551 permitto.
399 4478 470 4550 Epo,
495 4477 596 4548 inquit,
618 4476 749 4533 obdurabo
770 4493 815 4530 cor
831 4475 910 4535 l’lse·
962 4480 1096 4551 potentia,
1111 4478 1158 4534 sed
1173 4485 1343 4548 contemptor
1354 4477 1471 4536 elicitur
1489 4479 1516 4533 in
1536 4480 1618 4534 multa
1636 4479 1683 4537 llei
1702 4496 1749 4552 pa·

124 4575 220 4630 raonis.
230 4573 275 4629 Sic
288 4571 419 4627 interdum
435 4570 603 4626 lamiiiariter
612 4570 693 4625 etiam
706 4570 775 4640 apud
787 4569 910 4625 bomines
961 4568 1063 4625 dentia.
1089 4568 1209 4638 lienique
1232 4569 1305 4624 inter
1330 4569 1447 4624 alternas
1470 4569 1544 4625 sices
1567 4571 1749 4642 castigationis

125 4665 202 4735 buius
215 4663 374 4720 elocutionis
388 4661 442 4717 sim
456 4661 627 4725 assumimus,
640 4661 680 4716 sic
695 4659 828 4715 intertium
841 4674 908 4715 con·
961 4669 988 4718 et
1001 4659 1168 4717 remissionis
1187 4659 1335 4731 flagellatus
1350 4660 1517 4727 humiliatur,
1532 4663 1675 4720 exauditus
1692 4664 1746 4721 cri·

125 4751 391 4810 tumacibusiamulis
410 4754 600 4822 exprobramus
615 4751 844 4807 mansuetudinem
861 4767 909 4806 uo·
961 4752 1048 4824 gitur,
1074 4751 1203 4807 liberatus
1228 4749 1354 4816 insultat,
1377 4749 1491 4806 afflictus
1514 4746 1695 4827 obiemperat,
1721 4765 1748 4812 et

122 4859 216 4912 stram,
230 4847 266 4900 ita
279 4845 418 4900 dicentes:
437 4845 491 4914 ligo
507 4843 630 4912 patientia
646 4857 705 4897 nica
721 4853 746 4898 te
761 4842 906 4912 pessimum
960 4844 1030 4900 lilios
1052 4842 1213 4899 israeliticos
1227 4853 1287 4913 post
1299 4842 1431 4898 decimam
1446 4842 1549 4913 plagam
1564 4847 1687 4902 emisisse
1700 4861 1747 4902 co·

123 4937 185 5004 leci,
203 4951 252 5007 ego
265 4937 421 4992 renrissione
440 4952 499 4990 mea
513 4937 640 4990 malitiam
654 4942 725 4990 tuam
741 4933 907 5005 snperbiam·
959 4938 1106 5008 gnoscitur.
1120 4935 1153 4991 ad
1167 4937 1280 5006 primam
1293 4950 1353 4990 cum
1369 4935 1492 4990 emittere
1513 4936 1632 5004 potuisse
1652 4937 1747 4993 rolon-

122 5043 172 5096 nue
192 5029 309 5096 nutriri,
331 5042 381 5098 ego
402 5036 427 5082 te
451 5038 636 5082 contumacem
662 5025 825 5096 indulgentia
848 5039 907 5079 mea
961 5040 1001 5082 tas
1018 5037 1151 5096 postrema
1167 5035 1290 5082 testatur.
1311 5024 1417 5080 Etcum
1434 5026 1504 5080 inter
1529 5027 1632 5082 medias
1654 5042 1747 5084 corre·

123 5118 240 5183 reddidi,
253 5133 302 5188 ego
314 5116 526 5174 dissimulatione
539 5131 597 5171 mea
608 5131 655 5172 cor
670 5126 761 5185 tuum,
776 5123 907 5171 utcontra
960 5120 1067 5190 ptiones
1081 5119 1260 5187 proilteatur:
1280 5115 1370 5171 losttss
1389 5133 1425 5184 es,
1442 5115 1567 5182 llonsine,⁸
1587 5132 1633 5188 epo
1646 5133 1705 5174 cero
1723 5130 1747 5174 et

122 5223 164 5262 me
184 5206 332 5263 obduretur
350 5209 476 5262 animari.
491 5207 525 5264 Et
544 5207 595 5262 boc
607 5206 687 5262 modo
703 5207 774 5278 quod
788 5206 907 5263 bonitate
960 5210 1153 5284 populosiores
1168 5210 1241 5280 impii
1255 5207 1424 5281 (Euodus),
1448 5225 1502 5266 non
1516 5224 1573 5267 sea
1588 5209 1655 5276 beo,
1671 5209 1747 5267 seda

123 5295 226 5353 bomini
237 5299 343 5353 virtutis
354 5307 396 5354 est
408 5298 599 5366 testimonium,
612 5298 639 5353 in
652 5298 723 5355 servi
736 5298 907 5368 improbitate
958 5301 1096 5356 voluntate
1109 5300 1216 5371 propria
1229 5299 1402 5370 depravatum
1413 5300 1587 5359 cottscientlte
1600 5313 1656 5353 suae
1670 5301 1746 5356 testis

123 5391 152 5444 lit
163 5391 267 5445 sitium.
279 5392 323 5446 ait
336 5400 423 5447 autem
434 5406 528 5461 sermo
541 5390 664 5447 divinus:
683 5390 823 5467 Videasque
835 5389 907 5444 Piro-
957 5391 1092 5447 ostendit:
1109 5401 1135 5447 et
1149 5400 1176 5446 tu
1190 5391 1274 5448 Deum
1298 5391 1370 5447 circa
1391 5391 1557 5446 Pharaonem
1579 5388 1677 5444 durum
1702 5391 1745 5448 rei

122 5496 168 5534 sao
182 5498 212 5536 eo
230 5483 299 5553 qaod
318 5487 379 5537 dota
400 5492 464 5539 esset
482 5485 593 5553 sepcies,
611 5484 753 5554 inprsoooit
773 5499 817 5539 cor
831 5501 907 5540 usum
957 5485 1076 5554 irrigatum
1102 5485 1184 5541 inisse
1204 5487 1345 5557 praesumis
1367 5500 1500 5550 asserere,
1521 5497 1601 5552 quem
1623 5483 1693 5540 circa
1713 5500 1744 5543 sc

123 5569 221 5644 (deod.
232 5575 303 5646 ιιιι).
316 5575 529 5632 llaoilestissime
543 5576 593 5632 boc
612 5576 670 5632 loco
684 5575 785 5631 indulta
800 5579 909 5647 requies
955 5574 1057 5647 p'trstnm
1068 5583 1095 5633 ct
1107 5577 1180 5647 pium
1194 5577 1252 5650 ipse
1266 5578 1410 5648 sacrilegus
1426 5589 1480 5631 non
1495 5575 1580 5645 potuit
1592 5575 1746 5649 abnegare!

112 5675 170 5720 cor
184 5663 329 5724 luaraonts
340 5667 478 5724 indurasse
487 5667 671 5749 perscribitur.
684 5667 740 5724 llne
749 5667 821 5725 enim
835 5667 906 5738 quod
956 5669 1089 5726 immitem
1111 5671 1195 5727 ileum
1217 5670 1352 5728 Christum
1375 5683 1436 5726 esse
1460 5666 1644 5740 consequitur,
1665 5685 1744 5743 quem
