3788 6120
764 317 999 377 sustentabit
1017 317 1082 375 biit.
1102 317 1134 373 ΙΙ.

611 563 844 679 LIBER
888 561 1303 671 SECUNDUS.

878 767 1022 783 ..ιιι-.-

377 902 540 960 epistota
559 900 676 955 notua.
933 900 1046 964 Adico.
1071 900 1126 955 iter
1149 913 1255 961 mettun,
1279 906 1453 969 vestrumque
1476 907 1647 968 cossspcctum
1672 907 1762 954 ments

131 993 239 1049 Domnis
252 993 442 1049 sublimissimis
453 1007 478 1049 es
493 996 520 1048 iu
532 992 631 1048 cbristo
642 993 754 1047 Domino
764 992 924 1046 dminstissi·
975 991 1122 1064 praevenio,
1137 1000 1217 1060 atque
1232 989 1334 1055 omnia,
1348 990 1417 1045 sicut
1427 990 1554 1056 iussistis,
1569 997 1596 1043 et
1609 989 1717 1060 dignum
1731 1003 1763 1045 ac

189 1063 535 1134 ”¹⁵⁸i'01‘5⁶¹‘⁸⁸N⁶m⁰⁶f⁰
552 1061 720 1118 “cmm‘'
734 1061 864 1116 ΜΨ·
975 1082 1094 1139 debitunt
1119 1081 1185 1147 init,
1211 1080 1346 1150 inspecta,
1370 1079 1481 1146 tradita,
1507 1081 1610 1135 iltutttia
1628 1080 1764 1151 signiiico.

169 1168 279 1238 Antiqui
294 1172 431 1239 sapientes
443 1171 544 1224 anticus
562 1168 631 1223 duos
649 1183 728 1223 unam
743 1166 858 1222 animam
874 1166 924 1222 ba·
975 1172 1030 1230 Nec
1044 1187 1139 1229 uereor
1152 1174 1223 1243 quod
1238 1172 1334 1229 debeas
1349 1173 1452 1227 animos
1464 1183 1568 1228 vestros
1582 1174 1624 1227 vet
1643 1172 1763 1243 aliquan·
1789 1195 1794 1203 ·

133 1257 199 1314 bers
219 1257 369 1314 utrarum:
396 1249 467 1328 band
490 1256 566 1312 vaide
588 1269 681 1313 vetum
705 1271 767 1312 esse
790 1256 924 1325 predico,
976 1264 1058 1333 stapes
1072 1263 1224 1330 ouantem,
1249 1262 1319 1333 quod
1343 1277 1426 1318 utrum
1448 1262 1608 1320 connatam
1624 1263 1657 1320 ta
1671 1263 1764 1320 tinette

133 1347 283 1418 proboque.
309 1347 375 1403 iiam
389 1358 532 1421 postquam
546 1362 561 1404 s
576 1357 663 1404 restra
679 1348 854 1417 germanitate
868 1347 925 1402 dis·
975 1352 1045 1410 dotis
1058 1354 1152 1410 vident
1164 1367 1224 1410 csse
1237 1353 1399 1409 subtractum
1412 1370 1420 1420 ;
1446 1367 1506 1408 ettnt
1524 1352 1576 1409 boc
1594 1352 1665 1424 quod
1685 1352 1762 1411 deest

132 1437 219 1503 cessi,
244 1436 359 1492 divisum
381 1451 443 1497 esse
464 1438 635 1504 mecentio,
659 1447 816 1508 partemque
838 1451 925 1493 meam
976 1458 1100 1511 numero,
1113 1458 1165 1508 non
1177 1442 1265 1499 sulum
1278 1450 1489 1513 compensatum,
1502 1441 1551 1499 sed
1564 1443 1645 1500 ctiam
1655 1450 1762 1500 auctum
1822 1476 1825 1481 .

133 1527 274 1582 vobiscum
294 1528 429 1583 resentissc
442 1542 587 1599 cognosco.
610 1528 665 1584 Nec
683 1528 837 1585 absentibus
851 1529 926 1585 tobis
976 1533 1121 1605 agnoscitis
1134 1533 1162 1588 in
1175 1533 1298 1614 merito.¹

133 1620 239 1689 integer
252 1634 314 1676 esse
328 1619 394 1674 mibi
407 1619 510 1675 videor.
536 1620 568 1674 Rt
582 1635 642 1675 cum
659 1634 702 1675 me
722 1621 748 1675 in
762 1634 805 1676 mc
819 1634 872 1674 non
885 1622 927 1675 in·
977 1630 983 1641 ·
1285 1642 1393 1701 Eplsp·
1413 1643 1458 1700 ug

133 1711 263 1778 senam,
286 1709 357 1778 *ΡΜ
375 1724 424 1766 '⁰⁸
444 1726 504 1775 ¹¹¹⁰·
526 1711 560 1765 “¹
583 1725 631 1766 *⁰³
651 1725 784 1776 ret-ersus,
807 1710 925 1779 ¹¹¹t¹¹¹¹⁰·
977 1732 1764 1793 nomanuastantemastacasmmntmasnnaannnn

133 1812 216 1873 atquc
235 1801 345 1870 ibidem,
362 1811 488 1873 guantum
503 1818 547 1858 me
559 1803 638 1873 jubes
657 1802 808 1872 reliquisse,
824 1811 925 1858 tantttm
1070 1807 1194 1876 {ratribus
1208 1806 1335 1861 Nemesin
1349 1816 1373 1862 st
1386 1805 1519 1861 Gmuunits
1533 1804 1664 1860 Ruricius.

134 1893 219 1948 vestri
232 1907 338 1949 mecum
351 1892 493 1950 abstulisse
506 1893 652 1965 corispicin.
676 1894 708 1948 Rt
723 1895 758 1949 ita
772 1895 926 1965 prittsquam
1012 1899 1098 1969 Quam
1109 1901 1229 1970 graviter
1240 1900 1291 1954 sint
1301 1898 1335 1955 de
1348 1898 1419 1953 luctu
1429 1905 1520 1953 vestro
1530 1897 1616 1952 nuntii
1627 1898 1765 1955 atrocitate

135 1985 201 2052 nas,
214 1994 350 2042 annuente
363 1986 491 2053 Domino,
514 1987 652 2058 pignorum
672 1995 825 2043 nostrorum
839 1988 925 2044 votiva
977 1993 1134 2064 perculsus,
1152 1990 1259 2048 iaciiius
1278 2006 1328 2047 vos
1351 2005 1400 2058 pro
1422 1999 1516 2045 mutuo
1538 1989 1650 2059 potestis
1672 2003 1765 2047 amors

134 2079 292 2148 cossjunctiu
311 2079 463 2134 animorum
485 2081 556 2134 inter
578 2095 629 2135 nos
652 2080 719 2135 lacta
743 2078 798 2150 iant
819 2078 926 2147 divisio,
977 2083 1127 2152 conjicere,
1148 2093 1228 2152 duam
1249 2096 1300 2154 ego
1315 2081 1415 2152 possim
1429 2082 1526 2139 litteris
1541 2083 1676 2138 intimare.
1699 2081 1765 2150 outa

135 2185 199 2241 quas
215 2169 332 2227 bdivino
355 2171 540 2241 ampiectenda
564 2172 649 2242 magis
671 2180 714 2227 est
738 2171 926 2243 diligentibus,
977 2176 1084 2232 animus
1099 2174 1182 2229 nimio
1203 2189 1320 2230 ruoerore
1333 2172 1485 2242 coniectus,
1499 2173 1571 2244 qnod
1587 2174 1678 2230 horret
1690 2188 1766 2230 reco-

135 2275 219 2331 quam
232 2261 356 2328 vitanda3
373 2278 420 2332 per
431 2278 511 2334 uuam
527 2263 597 2319 itin
612 2263 737 2320 cordibus
749 2279 843 2320 eorum
858 2267 929 2320 cari·
944 2261 966 2320 tt
981 2266 1046 2332 lere,
1061 2266 1150 2320 renuit
1163 2265 1304 2334 expedire.
1330 2265 1421 2332 iloieo,
1442 2264 1538 2320 iratres
1557 2264 1763 2326 devinctissimi,

136 2353 204 2410 tatis
222 2354 333 2425 integrm
350 2356 455 2412 sincera
473 2354 637 2419 translacio:
662 2356 739 2427 ertjus
753 2371 803 2428 ego
816 2357 930 2413 uinculis
981 2368 1034 2412 tam
1055 2358 1154 2413 acerbo
1169 2357 1242 2413 casui
1255 2365 1358 2424 vestro,
1382 2365 1410 2412 et
1435 2366 1491 2413 toto
1512 2357 1595 2413 corde
1608 2357 1765 2426 compatior.

137 2446 293 2516 colligatum
309 2447 411 2502 anobis
423 2461 483 2503 esse
497 2462 540 2502 me
551 2447 667 2518 gaudeo,
677 2454 706 2502 et
721 2446 817 2503 talibus
828 2449 931 2505 catenis
980 2448 1048 2503 itant
1063 2447 1114 2504 etsi
1128 2446 1161 2501 ad
1176 2462 1295 2518 praesens
1305 2462 1321 2502 a
1331 2447 1408 2502 uobis
1417 2455 1556 2517 separatus
1570 2460 1629 2502 sum
1642 2460 1766 2514 corpure,

138 2544 247 2598 vinctus
261 2545 376 2612 exsulto,
389 2543 575 2614 obstringique
591 2558 633 2598 tue
646 2558 737 2599 earnm
752 2541 864 2598 nexibus
876 2557 932 2597 nta-
979 2549 1069 2595 tamen
1092 2554 1199 2608 semper
1221 2549 1310 2594 utente
1330 2539 1490 2607 conjungar,
1513 2545 1541 2593 et
1564 2536 1626 2590 dum
1653 2552 1668 2590 s
1690 2536 1767 2592 robis

140 2636 184 2706 gis
205 2635 288 2706 cupio
307 2651 387 2706 quarn
406 2635 516 2692 resolvi.
540 2634 642 2704 Quibus
660 2646 686 2690 et
709 2649 758 2691 sos
771 2635 932 2689 constrictos
981 2632 1145 2686 animo-non
1169 2628 1279 2693 recedo,
1295 2628 1445 2696 planctibus
1459 2628 1557 2683 vestris
1578 2626 1767 2683 interessent

140 2738 204 2780 esse
215 2725 331 2781 conlido.
346 2722 530 2781 Redeuntibus
543 2725 630 2793 itaque
642 2723 739 2779 vestris
752 2721 825 2779 salte
838 2721 931 2792 largis·
981 2720 1071 2776 credo.
1087 2721 1155 2788 orata
1169 2719 1316 2776 secundum
1327 2718 1447 2773 divinam
1461 2717 1621 2773 sententiam
1636 2715 1707 2786 quud
1721 2728 1767 2786 ps·

142 2816 242 2871 simum
252 2815 323 2882 dieo,
342 2824 370 2872 et
381 2831 413 2873 er
427 2815 552 2872 omnibus
566 2815 665 2886 gratias
682 2827 764 2884 agens
776 2813 932 2884 derelinquo
981 2813 1047 2868 titur
1059 2826 1142 2866 unum
1155 2809 1317 2877 membrum,
1332 2809 1422 2865 omnia
1435 2807 1555 2863 membra
1570 2806 1768 2877 compatiuntur

142 2923 205 2977 quas
223 2907 258 2963 ad
279 2907 441 2977 preconium
462 2914 583 2962 nostrum
603 2905 748 2976 pertinent.
772 2903 875 2960 idcirco
888 2919 932 2961 mc
982 2902 1010 2959 in
1024 2915 1148 2972 corpote.
1162 2899 1217 2956 Nos
1231 2901 1302 2956 enirn
1316 2914 1368 2954 non
1382 2898 1469 2983 soluto
1481 2896 1534 2953 lide
1543 2909 1768 2965 concorporamur

143 2996 254 3054 siluisse
274 2997 405 3070 signidcu,
429 2997 492 3067 quia
517 2996 544 3052 in
568 2996 683 3067 propriis
705 2995 838 3061 laudibus,
864 2996 933 3051 sicut
982 2993 1008 3049 in
1022 2991 1146 3058 cbristo,
1167 2992 1213 3048 sed
1234 2991 1315 3048 etism
1336 2991 1453 3045 illiorum
1466 2989 1654 3059 coniunctione
1666 3000 1769 3044 conne-

141 3087 583 3158 dicitur,estodioss1sclsntia;
605 3096 695 3144 vestra
714 3087 785 3143 enim
800 3089 858 3143 laus
872 3068 952 3144 mea⁸
982 3087 1089 3142 ctimttr.
1115 3083 1191 3141 Unde
1212 3084 1293 3139 etiam
1317 3083 1341 3138 si
1362 3095 1488 3138 curatum
1510 3089 1582 3138 tanta
1597 3079 1769 3149 intemperies

143 3176 216 3232 iacta
226 3186 282 3242 est:
304 3177 415 3241 miden,
429 3184 460 3232 ut
470 3176 541 3246 diri,
561 3176 596 3233 de
608 3177 828 3246 magnanimitate
842 3186 931 3234 vestra
981 3178 1164 3247 permisisset,
1184 3175 1217 3230 ad
1232 3174 1358 3230 solandos
1371 3187 1429 3241 vos,
1446 3187 1495 3245 pro
1509 3172 1631 3243 epistolis
1645 3172 1705 3242 ipse
1719 3187 1769 3229 ve·

143 3278 236 3323 tacere
250 3270 346 3325 meiius
360 3268 439 3334 dusi;
461 3269 522 3340 quia
543 3268 671 3340 quidquid
690 3269 725 3326 dc
737 3269 814 3327 vobis
828 3269 932 3339 dixero,
983 3270 1093 3324 nissum.
1118 3265 1172 3323 sed
1185 3266 1250 3336 qnid
1264 3264 1387 3331 iacimus,
1402 3263 1498 3320 iratres
1512 3262 1623 3338 optimi,
1642 3260 1713 3332 quod
1727 3260 1769 3316 di-

142 3358 211 3414 miiti
222 3359 315 3415 sidens
326 3359 481 3416 contulisse.
983 3359 1053 3414 vinae
1066 3358 1192 3413 resistere
1204 3355 1334 3426 jussioni,
1356 3355 1425 3411 sicut
1438 3352 1537 3411 virtute
1549 3368 1602 3410 non
1616 3366 1769 3423 possumus,

459 3474 567 3531 EpggT·
587 3475 619 3532 n·
983 3449 1019 3503 ita
1033 3462 1083 3504 nec
1096 3447 1232 3504 uoluntate
1244 3446 1383 3513 debemus,
1395 3453 1423 3501 et
1436 3445 1509 3501 omni
1520 3443 1690 3514 advigilantia
1701 3457 1769 3512 prm·

144 3561 262 3617 pomp,
271 3561 459 3619 „ggmfffimg
471 3564 646 3621 mmm-,30
655 3564 933 3622 pom-mmm,
983 3553 1080 3594 cavere
1100 3554 1135 3594 nc
1152 3538 1216 3593 dum
1231 3537 1319 3592 dttlcia
1335 3535 1413 3590 nobis
1431 3537 1542 3607 pignora
1566 3536 1649 3590 nimio
1675 3534 1770 3593 dolore
1861 3608 1867 3619 θ

216 3634 265 3687 uss's
276 3634 398 3704 frutribus
410 3633 535 3688 Nummio
549 3645 573 3690 st
585 3635 718 3692 Geruanioe
729 3636 860 3692 Ruricius.
945 3614 968 3677 C
984 3631 1125 3697 deilcntus,
1139 3629 1306 3700 blasphemi,
1325 3638 1371 3683 sut
1382 3627 1580 3699 quodammodo
1595 3627 1716 3697 injuriosi
1731 3627 1769 3682 vi·

179 3726 254 3783 iuter
266 3727 383 3799 reliquas
397 3737 495 3798 grates,
512 3742 604 3799 quea
626 3744 669 3785 mu
689 3729 765 3785 tobis
780 3730 842 3800 jure
860 3728 930 3786 1010.
983 3719 1094 3776 duamur
1119 3719 1145 3773 in
1172 3719 1303 3784 Dumium
1328 3726 1356 3774 et
1377 3719 1485 3790 grauius
1508 3718 1624 3774 nnirttaut
1651 3727 1770 3773 ttostratn

143 3816 238 3874 rendae
249 3826 328 3884 sunt,
350 3818 490 3889 praesentia
505 3818 651 3875 acrisione
665 3816 769 3890 patroni
783 3820 933 3876 communis
981 3821 1076 3867 auctor
1094 3811 1177 3880 ipsius
1199 3810 1304 3866 meritis
1326 3810 1434 3867 inventa
1458 3812 1601 3868 occasione
1617 3810 1769 3876 coniodiat,

143 3907 236 3962 domni
256 3906 405 3963 Postumini
426 3909 548 3980 ingentes
561 3911 662 3980 gratias
675 3925 736 3980 ago,
751 3911 821 3981 quod
839 3910 933 3978 bospi-
984 3919 1063 3974 nunus
1085 3917 1211 3960 carorum
1230 3904 1376 3961 amissione
1398 3905 1540 3975 percussit.
1565 3904 1629 3961 ideo
1649 3908 1680 3960 in
1696 3903 1770 3960 omni

144 3996 241 4052 tioium
255 4004 377 4053 vestrum
396 3997 498 4053 iecistis
513 3998 597 4067 ipsius
611 3999 777 4055 orationibus
794 3998 933 4055 illustrari.
984 3996 1162 4053 amaritudine
1176 3997 1221 4052 vel
1234 3995 1328 4053 dolore
1347 3997 1381 4051 ad
1402 3996 1478 4051 illum
1493 3995 1571 4052 uobis
1585 3995 1770 4067 reiugieudtsm

145 4086 215 4154 Quis
229 4086 293 4142 dunt
310 4088 387 4144 tobis
402 4088 512 4144 cxitibet
525 4088 617 4156 iidem,
633 4091 713 4145 nobis
734 4091 827 4147 tribuit
850 4099 934 4147 bene·
984 4096 1041 4152 est,
1057 4096 1085 4142 et
1098 4086 1131 4142 ad
1147 4087 1219 4143 illum
1233 4100 1328 4142 omnes
1340 4101 1419 4142 casus
1432 4086 1519 4142 notui
1533 4093 1589 4142 totu
1603 4086 1685 4142 corde
1698 4086 1771 4143 reie-

145 4176 307 4243 dtctionem;
329 4186 357 4233 et
377 4177 441 4234 iicet
455 4177 536 4235 inerit
549 4181 770 4250 vigilantissimus
787 4180 933 4252 inspector,
985 4175 1073 4239 rendi,
1088 4176 1132 4248 qui
1148 4184 1225 4233 sanat
1237 4176 1403 4244 vulneratos,
1416 4175 1462 4248 qui
1474 4176 1576 4233 relevat
1589 4185 1713 4245 moestos,
1724 4177 1772 4248 qui

146 4266 526 4335 impomnnissimusetactor,
543 4268 761 4348 districtissimus
781 4282 934 4338 exsecutor,
985 4269 1142 4325 consulatur
1167 4269 1292 4325 aldictos.
1323 4268 1356 4324 Et
1378 4268 1424 4324 ilia
1449 4272 1583 4325 sententia
1608 4267 1693 4324 sancti
1719 4267 1772 4325 iob

146 4355 216 4411 iesia
232 4364 321 4411 tamen
343 4359 402 4414 btcc
419 4359 508 4413 omnia
528 4361 612 4432 gratia
628 4371 716 4417 vestra
739 4369 766 4416 et
787 4361 935 4418 sanctitatis
985 4361 1096 4438 omnino
1109 4361 1221 4416 dicenda
1235 4369 1296 4417 est:
1312 4357 1437 4414 Dominus
1451 4361 1532 4426 dedit,
1547 4359 1673 4414 Dominus
1686 4357 1773 4415 siuas·

146 4463 206 4503 suae
219 4448 412 4518 ponderatione
427 4453 614 4520 pensavimus;
639 4455 698 4522 qnia
718 4453 787 4509 sicut
806 4457 935 4525 scriptum
986 4456 1025 4520 tis,
1041 4454 1107 4508 siem
1119 4450 1229 4507 Domino
1242 4452 1355 4520 placuit,
1375 4453 1412 4506 s'tc
1425 4461 1449 4508 et
1463 4453 1558 4523 suctum
1572 4460 1618 4520 est,
1635 4452 1668 4506 sit
1681 4467 1773 4507 mcmsss

147 4547 190 4591 est
204 4552 213 4591 τ
228 4537 330 4593 Curilns
351 4540 436 4595 omnin
460 4542 578 4607 sustinet,
603 4545 697 4597 caritas
719 4560 850 4614 nunquam
865 4547 934 4600 erei-
988 4545 1092 4598 nomina·
1106 4543 1264 4597 benedictum
1283 4539 1343 4614 (inb
1365 4557 1384 4607 t,
1404 4543 1459 4610 bl).
1488 4542 1551 4599 iimo
1571 4558 1650 4614 ergo,
1667 4542 1772 4599 Domini

147 4629 187 4682 lit
202 4627 228 4699 (l
240 4626 302 4686 cor.
315 4646 371 4697 rur,
386 4631 423 4700 7),
448 4632 597 4702 presertim
619 4647 679 4688 cuns
703 4632 765 4701 hoc,
779 4636 851 4704 guod
865 4634 937 4692 visus
988 4636 1101 4707 pecturis
1116 4635 1183 4700 mci,
1207 4635 1325 4690 ascribere
1338 4635 1415 4692 vobis
1432 4636 1532 4693 idcirco
1547 4637 1721 4707 presumpsi,
1743 4644 1773 4693 ut

148 4719 267 4788 erigere,
277 4720 355 4774 nobis
365 4735 426 4776 eunt
437 4720 572 4777 credimus
583 4721 631 4776 ilci
641 4722 770 4778 beneflcio
780 4724 935 4781 contulisse.
987 4727 1314 4794 doloremsummum,
1338 4740 1416 4794 quem
1437 4726 1573 4791 sciebam,
1591 4727 1663 4796 quod
1684 4726 1774 4783 verbis

148 4809 239 4878 itaque
256 4824 290 4865 eo
304 4820 316 4850 ⁸
328 4800 435 4881 propria'
450 4812 558 4868 civitate
573 4823 725 4881 remeante,
745 4814 872 4885 nunquia
890 4831 938 4873 ne·
987 4817 1055 4872 meis
1068 4816 1190 4887 mitigare
1204 4832 1257 4871 nnn
1271 4826 1405 4886 poterant,
1419 4816 1461 4872 sci
1479 4817 1577 4872 divinis
1596 4817 1711 4886 eloquiis
1730 4827 1774 4874 ut·

150 4899 274 4954 cessamte
286 4910 388 4967 essent,
401 4902 449 4957 sed
465 4902 527 4973 quia
540 4903 633 4966 voluit,
646 4903 718 4972 dedi,
732 4905 827 4975 utribus
841 4906 936 4962 indivi·
975 4922 1093 4981 cuoque
1107 4905 1272 4963 moderarer.
1297 4907 1331 4961 iit
1345 4922 1408 4963 vere
1426 4921 1480 4962 non
1500 4907 1639 4963 minimum
1657 4908 1773 4975 potestis

150 4989 211 5043 duat
221 4993 389 5059 germanitati
399 5003 495 5050 vestrae
505 4992 578 5048 saise
589 4993 765 5065 largissimum
779 4995 935 5054 desiderans
948 4987 976 5048 D
987 5012 1085 5068 capere
1099 4998 1132 5053 de
1144 4995 1243 5052 Cbristi
1256 4996 1393 5052 vuluntate
1407 4996 1544 5065 solatium,
1558 4996 1628 5067 quod
1640 5006 1774 5067 quatenus

187 5152 202 5183 ⁸
213 5146 273 5202 Ruit
285 5146 439 5212 Nornusitss,
453 5145 480 5200 ni
493 5144 581 5208 iailnr,
600 5145 669 5201 idem
691 5162 752 5202 cum
766 5145 892 5202 Numerio
903 5146 937 5204 ad
989 5147 1077 5213 ilium,
1088 5148 1183 5205 scribit
1195 5147 1318 5206 Ruricius
1331 5159 1432 5206 noster.
1446 5148 1500 5205 illis
1510 5147 1575 5204 Nata
1589 5146 1648 5213 init,
1662 5148 1776 5219 numiu-

152 5230 230 5283 qnenv
246 5217 356 5284 scripsit
369 5215 491 5272 Sidonius
504 5214 673 5284 Apollinaris,
696 5217 722 5271 in
739 5219 879 5285 Aquitania
893 5232 938 5275 se-
990 5222 1067 5274 renis
1082 5220 1163 5283 obiit,
1183 5226 1212 5274 nt
1225 5230 1295 5288 patet
1312 5236 1344 5275 cr
1358 5220 1471 5290 epistola
1484 5217 1583 5274 Ruricii
1598 5221 1686 5274 tertia.
1711 5218 1774 5275 run

151 5286 238 5340 cunda
251 5286 362 5354 degens.
379 5285 425 5340 Vir
438 5286 541 5347 doctus,
557 5287 602 5353 nari
622 5286 647 5340 in
665 5289 760 5342 castris
776 5288 845 5343 inter
856 5302 936 5344 escu·
987 5289 1056 5344 alter
1068 5288 1209 5344 Nemeeius
1223 5300 1282 5361 post
1294 5290 1395 5346 obitum
1409 5290 1509 5347 Rustici
1521 5291 1701 5345 Arvernorum
1716 5287 1776 5361 epi·

154 5356 236 5413 blaies
252 5371 332 5439 curas
353 5356 450 5440 litteris
470 5356 600 5412 incubuit.
625 5355 673 5412 Ubi
688 5356 801 5440 vacabat
814 5372 829 5411 a
842 5358 935 5441 militia
987 5373 1094 5428 scopus,
1110 5369 1229 5442 anostro
1241 5359 1456 5432 distinguendus.
1470 5361 1550 5415 ilssu.

154 5426 936 5579 &emsanaemuaffimltslassonglsmffl'ae1²1¹ng
1023 5428 1380 5571 :florenuzapsggmm
1402 5499 1455 5556 Sed
1468 5499 1560 5581 rocula
1574 5499 1603 5554 dl
1608 5509 1658 5557 cst
1671 5503 1771 5566 deleta.

154 5576 290 5623 venattcos
304 5581 375 5635 sprts
389 5566 528 5622 movsendts
542 5576 618 5636 aptos
632 5565 738 5633 babott,
755 5567 831 5623 dives
845 5569 937 5637 procul
991 5571 1032 5624 bn
1055 5571 1164 5638 propriu
1184 5571 1217 5626 tls
1239 5572 1358 5639 mnitnts,
1383 5584 1416 5626 stt
1441 5584 1571 5642 proprium
1594 5573 1623 5628 iss
1644 5575 1778 5636 sisllutms

155 5636 252 5699 dubio,
276 5647 368 5706 utpote
389 5638 434 5706 qui
459 5644 515 5691 tttm
539 5648 683 5692 venaretur
704 5646 760 5692 tunt
784 5638 936 5695 tediilcarct.
991 5638 1142 5711 legendum.

155 5704 314 5765 &muniam
328 5706 420 5764 babuit
433 5706 586 5778 conjugem,
600 5707 634 5763 sd
647 5720 727 5779 uuam
742 5707 852 5780 sepina,
862 5715 892 5764 ut
905 5708 940 5764 sd
