3788 6120
121 246 156 309 2„
308 232 313 246 ·
823 237 988 299 cmsrott
1010 237 1056 298 ιιι.
1719 240 1760 303 st

125 366 167 438 aui
177 360 349 432 requiescere
357 355 563 414 sollicitudinem
570 360 737 422 nostramet
745 368 869 425 magnast
878 369 912 410 es
925 358 949 419 Α
963 355 1118 427 coepiscopi
1133 355 1217 411 nostri
1226 353 1336 412 Antonii
1350 355 1495 412 insinuatio
1508 359 1638 415 resumsit
1648 399 1656 426 ,
1668 360 1754 418 claret

125 465 197 527 pane
211 451 324 507 relevari
339 450 366 505 in
385 449 427 503 bis
440 462 530 518 quiea
551 455 652 502 sanctu
666 446 804 501 memorias
816 446 913 503 deces-
964 448 1121 519 praedictum
1142 448 1279 518 privilegia
1301 450 1383 504 certis
1398 452 1524 506 conclusa
1549 453 1670 509 terminis
1685 456 1755 511 sel'e

127 562 185 604 sore
198 559 260 599 meo
273 543 309 597 de
319 539 463 596 Viennensi
478 539 607 608 episeopo
620 538 728 608 prtellsa
738 549 811 605 sunt,
822 538 915 594 crede·
965 540 1079 612 perdere
1092 541 1152 611 pins
1164 541 1289 606 nolendo,
1302 541 1346 612 qui
1356 541 1456 598 abusus
1470 541 1559 599 lr'atrls
1572 552 1600 600 et
1612 559 1756 603 consacer-

127 638 232 701 bamus,
246 629 364 687 euidenti
379 628 529 684 assertione
548 627 722 696 cognorimus
733 666 742 692 ‚
753 635 781 681 et
794 627 916 683 nonsiue
965 631 1036 688 dunis
1047 631 1149 687 imnodi
1164 632 1349 696 moderantia,
1365 631 1515 689 ouantibus
1530 643 1624 690 eppira
1640 634 1680 691 f„
1692 638 1753 706 apt.

127 729 220 783 dolore
243 725 391 789 miramur,
406 718 576 774 delinitiones
586 717 646 772 illas
661 717 670 750 ¹
685 731 700 770 a
713 717 844 773 tamenta
856 716 916 787 epi·
966 726 1088 792 scopum,
1100 722 1205 779 etiamsi
1217 732 1259 778 est
1273 722 1402 788 meritus,
1415 736 1468 778 non
1479 723 1569 778 timuit
1582 739 1752 782 consecrare.

129 835 210 888 mapa
233 829 304 873 nunc
322 813 445 885 potuisse
458 811 610 866 transcendi
623 850 631 876 ,
646 824 695 881 pur
706 823 773 880 quas
789 810 917 866 Ecclesiae
966 814 996 870 ln
1009 828 1064 884 quo
1076 812 1175 868 iactum
1198 815 1257 881 ejus
1274 822 1437 869 contenent
1450 814 1490 868 sic
1503 815 1622 883 resolui,
1636 822 1667 871 nt
1678 816 1753 883 justa

130 908 294 982 priuilegium
315 903 442 976 probarat
459 901 580 972 acquiri3
602 915 663 956 cum
681 901 814 972 praecipue
827 899 918 957 iratris
967 919 1135 977 eorumquae
1148 915 1298 974 perpetrata
1312 911 1375 959 sunt
1391 904 1558 974 qualitatem,
1573 921 1625 961 non
1644 907 1703 961 sine
1714 907 1756 973 ina

129 1011 155 1057 et
167 995 321 1068 catepiscupi
333 992 419 1049 nostri
428 991 533 1047 Leontii
543 991 694 1069 moderatio
706 990 818 1046 lormam
829 992 918 1046 conti·
967 1006 1043 1050 ctnra
1054 994 1154 1064 proprii
1168 993 1281 1058 ordinis,
1296 994 1376 1050 etiam
1392 994 1466 1049 ilium
1481 1010 1496 1050 a
1511 996 1672 1052 mecedotali
1687 1011 1756 1052 con·

131 1092 230 1149 nentia
253 1088 375 1161 praebere
391 1085 516 1141 debuerit
535 1083 686 1140 ambienti:
710 1092 756 1139 aut
778 1084 802 1140 si
822 1084 919 1154 spiritu
968 1085 1053 1141 sortio
1069 1083 1223 1141 submoneri
1245 1092 1378 1152 ccrttcret,
1400 1099 1481 1154 qoem
1505 1085 1607 1141 crearit
1627 1086 1756 1152 indebite,

132 1181 309 1239 aemulationis
324 1178 448 1242 inbutus,
463 1189 524 1230 eunt
539 1173 620 1246 (quod
634 1189 688 1230 non
703 1174 833 1246 oportuit)
845 1174 920 1230 arbi·
969 1189 1101 1246 quemque
1111 1173 1294 1244 indignissime
1309 1173 1406 1231 iecisse
1416 1175 1758 1246 conuincitur,correptum

134 1282 214 1328 intus
225 1279 271 1327 est
281 1266 483 1340 negligendum
496 1265 648 1322 decessoris
658 1265 699 1321 sui
712 1266 806 1321 saltem
821 1265 921 1321 instru-
968 1265 1039 1334 iusta
1053 1264 1152 1320 ultione
1166 1264 1296 1330 sentiret,
1316 1277 1351 1319 ne
1364 1273 1500 1334 conceptae
1519 1264 1638 1322 andaciae
1649 1267 1758 1322 incasti·

134 1371 188 1418 ctus
199 1357 347 1429 exemplo,
363 1355 438 1411 iilius
451 1354 601 1411 inniteretur
613 1355 828 1423 temperantiam,
843 1353 921 1426 cuius
970 1363 1032 1426 gata
1052 1354 1189 1410 temeritas
1205 1352 1321 1410 licentiae
1337 1368 1368 1409 se
1380 1356 1517 1424 peperisse
1537 1366 1642 1426 putaret
1664 1373 1759 1413 eretu-

135 1452 233 1507 bonure
261 1447 447 1520 perlargitur,
471 1458 521 1500 nec
545 1443 766 1514 transgrediendo
790 1444 921 1514 uiolaret,
972 1444 1057 1514 plum.
1074 1443 1172 1500 Verum
1187 1443 1221 1498 ad
1236 1444 1418 1499 Ecclesiarum
1437 1445 1555 1514 quietem
1576 1456 1656 1502 mutae
1670 1458 1757 1504 trans·

135 1541 201 1613 quod
215 1541 271 1610 iam
291 1551 383 1605 nnnc,
399 1535 450 1591 nisi
465 1533 602 1606 patientius
617 1534 799 1590 moderamina
814 1545 921 1593 tenere·
971 1534 1117 1606 gressionis
1136 1533 1247 1589 uulnera
1260 1573 1269 1600 ,
1283 1549 1416 1591 memores
1430 1535 1587 1604 apostolieae
1601 1536 1757 1607 sapientias,

136 1647 213 1694 mus,
228 1638 321 1702 posset
331 1629 465 1683 amittere.
482 1627 531 1682 Cui
544 1641 660 1698 unquam
674 1626 776 1697 proluit
789 1643 865 1684 mens
879 1643 923 1684 re-
973 1625 1060 1680 curari
1085 1623 1208 1679 nolumus
1229 1631 1292 1679 ante
1316 1624 1453 1691 lomentis,
1478 1633 1508 1680 ut
1528 1629 1649 1697 corporis
1674 1630 1758 1682 amari

136 1723 226 1780 beliisl
240 1731 288 1776 ant
307 1735 388 1791 ouem
402 1718 534 1789 superbiae
543 1732 598 1773 non
611 1718 748 1775 inclinauit
760 1719 859 1776 elatiui
871 1720 919 1776 lli·
934 1717 1121 1785 Bmentbrum
1136 1715 1205 1771 lorte
1217 1714 1363 1770 sanandum
1382 1716 1409 1771 in
1426 1716 1605 1787 integritatem
1620 1719 1759 1788 pristinam

139 1816 185 1872 tior
196 1823 239 1870 cst
249 1813 409 1869 humilitatis
422 1810 526 1883 gratia,
537 1811 580 1866 cni
596 1821 752 1881 paupertate
766 1811 875 1881 spiritur
887 1811 922 1867 ad
974 1825 1022 1881 per
1032 1810 1136 1866 mitiora
1149 1810 1340 1865 medicamenta
1354 1819 1504 1879 reuocetur,
1512 1826 1562 1866 nec
1570 1812 1695 1868 credatur
1712 1829 1760 1869 ne·

137 1906 273 1978 preamium
297 1901 436 1973 promissae
451 1901 623 1957 beatitudinis
638 1902 689 1958 iter
710 1903 785 1972 regni
805 1902 923 1959 uoeleuls
973 1901 1035 1972 gligi
1046 1900 1117 1971 qnod
1128 1901 1234 1955 interim
1248 1914 1300 1954 non
1311 1909 1433 1955 monetur
1443 1900 1573 1957 abscindi.
1588 1902 1691 1958 Prusia
1704 1919 1760 1959 meb

139 1997 263 2065 sumitur.
279 1994 334 2051 lice
349 1991 560 2063 perfunctorium
584 1993 773 2064 praevaricator
789 1994 925 2051 existimet
974 1992 1054 2049 dandi
1081 2005 1188 2061 temper
1210 1991 1376 2046 austeritatis
1400 2000 1442 2046 est
1465 1992 1578 2059 leuitas,
1602 2008 1651 2048 nee
1672 1996 1761 2050 ontttis

140 2103 194 2145 csse
206 2088 279 2161 quod
302 2087 364 2143 lecit
376 2126 384 2150 ‚
395 2086 418 2140 si
432 2084 553 2142 eruditus
565 2085 699 2141 doctrinis
711 2085 922 2153 ecclesiasticis,
975 2082 1047 2139 ierro
1064 2080 1154 2138 statim
1175 2082 1252 2152 culpa
1267 2081 1457 2152 compescitur,
1480 2091 1526 2137 sut
1538 2082 1705 2152 inexplorato
1717 2085 1762 2142 rei

138 2180 197 2252 qnid
211 2189 323 2250 uterque
333 2176 610 2246 mereaturagnoscit:
623 2191 686 2233 cum
696 2176 764 2233 alter
778 2176 924 2233 secundum
974 2172 1045 2244 quod
1062 2171 1139 2229 iacile
1152 2171 1281 2242 prodesse
1295 2173 1378 2241 possit
1390 2170 1510 2228 offertur.
1524 2171 1601 2229 Nunc
1610 2175 1760 2230 satiantem·

138 2271 318 2345 propineticam
329 2284 422 2326 rocem
442 2269 469 2323 in
484 2267 573 2323 toedio
586 2267 727 2325 dominice
738 2266 836 2323 domus
850 2266 926 2323 babi·
975 2263 1049 2335 poris
1061 2265 1258 2334 opportunitas,
1272 2279 1344 2318 nunc
1357 2263 1507 2334 languentis
1518 2267 1674 2333 necessitas,
1690 2281 1761 2322 nunc

139 2373 194 2419 tare
218 2361 400 2434 proitibetur3
424 2359 493 2413 aiter
512 2357 674 2426 respiciente
696 2371 725 2412 se
744 2355 800 2412 buu
816 2370 926 2425 semper
974 2355 1116 2412 medicinae
1130 2354 1214 2426 ipsius
1224 2366 1252 2411 et
1264 2356 1359 2411 modus
1373 2366 1413 2411 est
1425 2358 1585 2427 quarendus
1594 2366 1622 2414 ιι
1635 2359 1761 2428 qttaiitasr

136 2456 241 2527 iunctos
263 2453 411 2515 asseritur,
423 2451 501 2520 cttjue
513 2447 698 2504 consolatione
713 2447 841 2502 salvatur.
857 2445 924 2502 Pos-
975 2457 1006 2504 ιι
1018 2448 1106 2503 omnis
1124 2463 1173 2518 per
1183 2448 1341 2517 septentiam
1364 2447 1432 2503 laeta
1446 2449 1472 2503 io
1495 2449 1569 2505 uitiis
1585 2448 1762 2520 reprimendis

138 2555 195 2602 seut
205 2543 395 2601 venerabiiium
407 2551 526 2595 veterum
536 2538 619 2593 multu
632 2537 837 2610 replicatione
849 2538 925 2607 justa
975 2538 1127 2595 sollicitudo
1140 2538 1261 2595 curantis
1275 2539 1389 2610 gaudeat
1400 2542 1570 2609 reparatione
1580 2542 1651 2611 quael
1666 2542 1763 2607 saltat,

137 2633 354 2692 scritatemdicta
366 2630 599 2694 demonstrantium
614 2627 661 2683 sed
672 2631 707 2683 ab
720 2628 816 2684 eadem
831 2642 924 2698 cause,
976 2644 1026 2685 nec
1040 2639 1131 2685 careat
1144 2629 1329 2685 moderatione
1342 2631 1413 2700 qnod
1428 2641 1543 2686 resecet.
1560 2631 1606 2685 llis
1620 2632 1699 2703 igitur
1718 2646 1762 2690 re·

137 2744 194 2798 quar
219 2741 249 2782 re
271 2733 300 2779 ut
328 2723 517 2794 loqueremur,
545 2721 667 2791 ingessit,
692 2720 840 2777 recentiora
865 2729 926 2777 sunt
975 2718 1689 2792 atralraternitasgrariterprudenterqueperpeusis,
1703 2723 1764 2785 talia

138 2819 257 2888 exempla
279 2814 419 2872 sumenda.
440 2813 507 2868 Nam
527 2811 685 2883 dignitatem
699 2810 858 2867 Viennensis
876 2812 927 2868 Eo·
976 2809 1048 2882 opud
1062 2823 1111 2866 uos
1125 2809 1290 2868 dissimulari
1310 2824 1390 2881 posse
1405 2826 1458 2865 non
1471 2811 1596 2878 aestinret,
1612 2813 1638 2869 in
1650 2828 1766 2884 qnorum

138 2905 524 2976 etertsttamertnsepiscupns
534 2903 830 2960 Arelatensisantistitis
842 2920 927 2975 quou-
976 2916 1010 2961 se
1021 2903 1138 2958 marine
1151 2901 1404 2972 contumeliam,qtti
1417 2918 1470 2956 nttn
1485 2902 1620 2959 immerito
1633 2904 1764 2972 pulsatur,

138 3001 198 3056 dam
214 2996 426 3071 transgressione
441 2995 572 3062 creuisse,
585 3001 614 3050 et
627 3008 676 3064 pro
690 2994 857 3064 corrigendis
866 3009 927 3066 guas
977 2994 1075 3052 erexit.
1097 2993 1184 3050 tratri
1206 2994 1279 3048 cuins
1292 3004 1385 3049 nostro
1399 2994 1510 3048 Leontio
1519 2994 1587 3050 nibil
1598 2996 1735 3051 constituti
1749 3012 1765 3055 a

138 3106 276 3164 perperam
296 3088 471 3159 gerebantur,
493 3085 640 3142 inviolabili
660 3094 752 3155 postca
772 3086 926 3143 delinitione
939 3090 963 3155 c
976 3098 1077 3146 mactas
1086 3087 1224 3143 memoria
1235 3086 1377 3143 decessore
1385 3101 1446 3144 meo
1455 3088 1522 3155 iuris
1535 3089 1764 3161 potuitabrugart‚

139 3180 327 3250 compositum,
343 3193 377 3233 ne
390 3176 459 3232 alter
472 3176 613 3246 inglorius,
629 3177 732 3232 alterio
746 3185 830 3233 totum
841 3177 927 3234 reteri
978 3179 1044 3236 nibil
1057 3178 1156 3246 naluit,
1170 3180 1242 3249 quud
1255 3179 1351 3236 ltonori
1364 3178 1422 3248 ejus
1432 3177 1555 3246 debetur,
1566 3180 1665 3236 aulerci
1677 3200 1685 3236 :
1695 3181 1761 3251 quia

139 3275 241 3329 bonore
264 3286 311 3341 per
326 3270 419 3326 titium
442 3269 615 3340 processuris
637 3267 802 3340 reperiretur
818 3279 925 3328 exutus.
977 3270 1190 3328 Christianorum
1210 3287 1317 3343 ottoque
1329 3272 1478 3343 principum
1495 3272 1554 3343 lege
1563 3272 1701 3329 decretum
1713 3282 1765 3341 est,

138 3368 211 3423 sieut
223 3378 288 3436 ergo
307 3370 442 3419 etrestrae
456 3360 611 3417 dilectionis
624 3361 741 3431 relatio,
754 3371 782 3419 et
795 3362 885 3420 lratrls
898 3371 928 3421 ιι
979 3372 1008 3421 ut
1018 3360 1281 3436 quioqutdbcctestis
1290 3378 1436 3435 earumque
1445 3364 1604 3431 rectoribus,
1620 3379 1667 3437 pro
1677 3366 1767 3435 uuicte

173 3523 181 3554 ¹
203 3521 355 3581 llamertns,
371 3516 436 3571 a‘ias
449 3516 607 3584 llamcrcus,
623 3515 881 3574 sanctissimarum
896 3525 925 3574 et
976 3519 1131 3588 penitentie
1151 3517 1325 3583 celebramus,
1340 3519 1393 3575 ιιι.
1412 3517 1447 3573 m
1460 3519 1531 3574 circa
1552 3518 1630 3573 linem
1646 3536 1653 3574 :
1670 3518 1767 3577 Nullus

138 3591 285 3647 beatissimi
299 3587 553 3644 obitusViennensis
568 3587 719 3655 episcopua,
733 3589 776 3657 qui
792 3600 870 3642 usum
881 3602 926 3643 sa·
974 3589 1024 3642 sibi
1046 3587 1078 3642 dc
1102 3588 1229 3642 industria
1249 3586 1348 3655 aliquos
1365 3590 1541 3656 occupationes
1563 3589 1695 3657 inquirat,
1720 3609 1766 3661 per

137 3678 213 3717 ctum
227 3661 378 3715 litaniarum
392 3657 538 3727 antiquitus
558 3657 678 3720 editum,
691 3656 839 3725 disciplinae
850 3658 926 3713 solu·
975 3673 1039 3729 quos
1049 3658 1118 3711 aede
1132 3656 1254 3711 Ecclesiae
1264 3666 1386 3712 conuentu
1399 3658 1530 3713 subducet.
1544 3657 1607 3712 Sine
1616 3659 1694 3712 dubio
1708 3676 1768 3730 pcc·

138 3734 220 3796 tione,
227 3731 316 3786 cttltus
323 3727 481 3784 remissione
490 3727 640 3797 neglectum
652 3726 679 3781 in
693 3725 791 3796 Galliis¹
803 3737 924 3795 tempore
976 3736 1094 3782 eutorunt
1105 3743 1208 3782 auorum
1216 3727 1321 3782 onlnem
1327 3727 1411 3801 dilipit
1423 3731 1466 3794 pati
1476 3730 1502 3782 in
1516 3729 1571 3782 istit
1583 3730 1663 3783 tribus
1678 3731 1768 3786 dirius

139 3801 317 3856 Valentiniani
337 3798 408 3854 tertii
424 3798 604 3864 imperatoris,
621 3810 693 3851 anno
703 3795 803 3852 Claristi
815 3798 880 3863 aba,
895 3809 925 3853 ut
972 3797 1130 3872 jejunando,
1142 3794 1243 3852 brunda
1257 3808 1281 3852 et
1293 3797 1427 3867 psallendo
1439 3799 1625 3855 medicamento
1634 3801 1767 3870 sibispiri·

138 3872 230 3927 scribit
244 3869 483 3928 souttennenus.
494 3869 628 3930 restitnit,
644 3865 785 3938 triduoque
798 3879 862 3923 ante
876 3872 928 3924 As-
978 3868 1059 3922 tnnoiiu
1086 3885 1137 3921 non
1157 3868 1274 3936 inquirit.
1301 3869 1417 3924 litanias
1439 3884 1503 3924 tero
1528 3879 1554 3925 et
1581 3872 1766 3937 processiones
1876 3918 1879 3923 .

139 3944 293 3998 censionem
313 3954 363 3995 suo
380 3939 505 4001 exemplu
523 3947 550 3992 et
562 3937 746 4007 experimento
771 3938 925 4003 utilissimo,
981 3937 1145 4006 temporibus
1163 3938 1248 3992 satacti
1264 3937 1384 4008 Gregorii
1408 3938 1598 4009 'lltttumaturgi
1619 3949 1646 3995 ct
1661 3939 1767 3996 Tertul-

140 4027 185 4068 cas
198 4027 257 4080 nme
277 4010 429 4080 rogationes
442 4009 582 4078 appellatae
597 4016 675 4073 sunt,
686 4017 714 4062 et
728 4023 799 4064 nunc
812 4009 847 4063 ab
867 4009 928 4064 uni·
981 4010 1044 4063 liatti
1060 4006 1285 4081 ιιιιιιιιιιιιοιῃ
1303 4009 1423 4090 deriput,
1433 4011 1675 4076 nsurpataaiuissc,
1694 4022 1766 4081 patet

140 4097 216 4138 rersa
235 4081 354 4136 Ecclesia
371 4089 503 4145 receptae,
518 4079 674 4134 celebrauit.
699 4077 752 4132 llas
766 4094 780 4134 ι
797 4079 926 4134 Mamerto
978 4094 1011 4134 ex
1027 4068 1417 4162 epssdtojaffiaiiliiubagmrroa
1432 4069 1554 4153 reintrat
1565 4079 1768 4157 'iipdpmsaticn-

140 4168 194 4209 non
204 4153 317 4220 primum
338 4151 363 4204 in
379 4149 473 4204 Galliis
488 4149 569 4203 inisse
588 4149 737 4211 institutas,
759 4149 807 4204 sed
822 4157 925 4205 tantum
978 4165 1034 4213 ses,
1045 4163 1071 4205 et
1087 4146 1241 4204 Tertulliani
1256 4148 1325 4203 lib’ro
1338 4149 1455 4203 seeundo
1466 4149 1498 4203 nd
1515 4134 1642 4203 barnem.
1655 4148 1722 4204 item
1732 4166 1766 4207 er

141 4237 239 4291 niagno
252 4236 312 4276 cnm
330 4221 437 4274 iertore
456 4220 488 4274 ad
511 4229 697 4283 terremotus,
711 4218 847 4287 incendii,
860 4221 927 4274 alia·
981 4220 1014 4286 iia
1036 4233 1097 4289 quae
1115 4219 1169 4294 diti
1185 4233 1263 4287 supra
1288 4220 1315 4273 in
1335 4221 1404 4274 notis
1425 4219 1535 4274 cationis
1549 4218 1645 4273 deciani
1660 4221 1767 4288 septimi

141 4307 252 4360 rumque
262 4291 378 4346 clnlinm
394 4290 509 4357 pericula
524 4288 667 4344 auertenda
683 4289 853 4355 reiotmatas,
864 4299 927 4359 post
980 4287 1086 4351 dabellii
1100 4274 1219 4355 [aniius
1232 4287 1328 4344 'nitido
1339 4290 1504 4359 ungebacde
1515 4288 1659 4360 reprobris
1670 4291 1766 4347 scribit

141 4364 273 4427 oduntem,
299 4369 412 4415 testatur
434 4360 561 4416 Sidonius
584 4360 654 4415 libro
679 4359 788 4427 quinto,
812 4359 926 4429 epistola
980 4306 1714 4482 balanitisarnt'nfilj,1bntn,li{epscribonibus,2et
1740 4366 1767 4418 in

141 4445 234 4504 qrtarta
250 4432 282 4485 ιιι
300 4435 399 4497 Aprum
416 4429 458 4484 itia
473 4431 562 4484 teritis
579 4447 586 4484 ι
600 4429 1051 4502 Hursmropntt'onutnso·1)notis
1065 4430 1243 4500 ttartproiugti
1257 4429 1293 4484 ιι
1307 4425 1415 4496 Aprilis,
1426 4426 1523 4484 terlio·
1533 4429 1648 4484 sidonius.
1700 4446 1707 4464 ²

141 4503 400 4567 lentnttmctnprimus
414 4500 553 4553 liutttcrtua
567 4508 670 4566 poteret
685 4499 799 4568 pontifex
812 4516 925 4555 senmou-
1018 4501 1095 4555 Hnnc
1109 4499 1265 4554 blamertnm
1282 4500 1446 4554 Viennenses
1467 4500 1648 4556 anniversaria
1665 4499 1768 4556 lestiri·

141 4575 248 4627 dissime
260 4571 386 4636 exemplo,
400 4572 536 4625 utilissimo
546 4572 718 4640 experimento
729 4571 831 4624 invent.
847 4570 931 4626 Erunt
982 4579 1037 4624 tate
1051 4571 1142 4625 colunt
1151 4570 1291 4623 undecimo
1302 4571 1374 4625 linit.
1388 4569 1480 4635 Qualis
1493 4579 1609 4641 quantus
1629 4587 1662 4626 ue
1675 4571 1767 4640 interit,

140 4645 244 4713 paiient
263 4641 333 4710 prins
353 4641 432 4709 (unat
445 4640 516 4695 tolno
532 4641 592 4709 fidei
611 4640 714 4708 paeesit
727 4639 834 4705 dictum)
848 4656 929 4711 copo,
982 4641 1086 4697 Sidonii
1103 4640 1274 4708 apollinario,
1285 4639 1401 4709 quitum
1413 4641 1495 4704 nouit,
1512 4655 1598 4709 eoque
1610 4587 1769 4697 amiliana-

142 4711 932 4782 tepentes,inpeqnentespne,cognmsicdiceris)osmtubutnloe
982 4712 1049 4766 sitne
1070 4725 1135 4764 usus
1150 4709 1208 4772 iult,
1227 4710 1341 4775 epistola
1366 4710 1504 4767 undecima
1527 4711 1574 4768 lib.
1595 4725 1621 4766 tr
1634 4715 1768 4783 sipritus

141 4783 350 4855 supplicationes,
362 4796 417 4850 unc
426 4797 525 4848 semper
537 4781 752 4848 interpellantium
763 4781 930 4849 prandiorum
983 4782 1029 4836 lib.
1041 4796 1075 4835 ιιι
1087 4779 1187 4835 indicat
1202 4798 1209 4835 ι
1225 4779 1346 4837 dicimus
1366 4784 1475 4849 Avitus,
1489 4780 1624 4837 secundus
1635 4793 1694 4850 pust
1706 4799 1768 4837 eunt

143 4852 255 4907 obicibus
267 4851 447 4904 bcbetubuntut
456 4867 466 4903 .·
475 4851 510 4904 ιιι
518 4867 592 4919 quus,
606 4861 632 4904 nt
645 4850 928 4919 nibilomplittstlicutn,
982 4850 1143 4906 Viottnensis
1152 4849 1305 4921 episcopus,
1321 4851 1346 4905 in
1360 4850 1468 4906 bomilia
1483 4867 1561 4975 Ἱιιιιιι
1577 4851 1611 4907 ιι
1624 4852 1770 4922 rogationi-

144 4925 223 4992 ppulo
240 4923 337 4993 puriter
354 4930 378 4975 et
393 4921 529 4975 bortnicno
543 4937 595 4975 nou
612 4923 724 4991 oportuit
739 4923 881 4977 conuenire.
896 4919 930 4976 ln
982 4921 1033 4980 bns
1044 4921 1151 4986 tanniu
1163 4922 1308 4991 Gregorius
1316 4919 1480 4976 Turottensis
1503 4919 1769 4988 list.Franc.,lib.u,

144 4995 184 5047 nis
196 5003 299 5054 nutem,
313 5008 375 5061 psus
387 5007 466 5061 sumu
490 4993 559 5059 lutus
571 5007 686 5046 sumatur
702 4991 822 5046 mondus
835 5001 858 5045 et
873 5009 933 5062 pro-
984 5008 1044 5061 cap.
1059 4991 1104 5057 di,
1117 5003 1171 5047 ιιι.
1187 4992 1262 5060 Quod
1277 4992 1366 5057 itanne
1377 4992 1508 5046 adversus
1523 4993 1595 5046 bunc
1609 4993 1766 5048 ilementum

144 5065 202 5117 tulit
215 5063 470 5133 punierctcostulit‚
480 5064 628 5134 jejunans,
643 5070 744 5127 oratur,
756 5062 933 5130 psallitur,et
984 5063 1126 5118 sanctitate
1144 5063 1276 5133 insignem
1302 5062 1408 5117 liilarus
1432 5062 1549 5131 pontifex
1569 5065 1618 5116 itae
1639 5063 1769 5131 epistola,

144 5136 232 5204 detur,
244 5144 297 5186 otc.
985 5147 1059 5203 quas·
1075 5133 1189 5186 alienam
1201 5133 1415 5204 jurisdictionem
1430 5134 1521 5187 illicite
1538 5134 1687 5200 nsurtnrit,
1702 5134 1770 5185 atleo

182 5202 259 5260 [lande
270 5211 467 5271 patctsaoctum
478 5204 633 5258 ilamertutu
644 5202 799 5272 episcopum
814 5216 867 5257 oon
879 5209 934 5258 iant
986 5204 1161 5258 vehomenter
1174 5204 1333 5269 insurrexit,
1349 5218 1402 5257 non
1415 5211 1456 5257 est
1470 5202 1579 5259 mirum.
1591 5202 1656 5269 Quis
1670 5210 1771 5257 nesciat

145 5275 294 5329 instituisse
307 5289 387 5342 onnam
402 5275 827 5342 restituisscraerasrogationes.
836 5287 936 5342 casotae
988 5288 1059 5343 saepe
1070 5273 1192 5330 accidere
1202 5284 1231 5328 ut
1245 5273 1319 5328 ialsit
1328 5272 1543 5329 accusationibus
1555 5284 1583 5329 et
1593 5271 1771 5338 subreptioni·

145 5346 172 5398 ιιι
185 5343 322 5398 meliorem
334 5344 608 5399 lormamretlurisse.
620 5343 718 5399 llarnto
732 5343 804 5397 enim
821 5345 938 5414 rogatio·
988 5343 1039 5399 bus
1052 5358 1132 5398 aures
1142 5345 1296 5413 pontilicum
1309 5344 1508 5413 repleantur,et
1517 5359 1577 5399 cunt
1587 5350 1679 5407 patant
1690 5357 1772 5413 agero

145 5429 210 5470 num
231 5413 414 5468 tridttanarnm
432 5424 496 5470 ante
519 5413 712 5469 ascensionem
737 5414 843 5468 Donnioi
867 5412 938 5470 ceie-
988 5414 1059 5485 quod
1072 5414 1173 5483 justum
1190 5425 1327 5484 appareat,
1340 5416 1509 5469 innocentem
1520 5412 1666 5481 exagitent.

147 5484 219 5538 brari
233 5485 371 5538 solitarum
386 5495 493 5538 sanctus
510 5485 676 5553 Augustinus
690 5483 781 5538 multis
792 5484 868 5538 anatis
882 5485 938 5539 ιιι·
1023 5484 1098 5551 Quod
1113 5484 1211 5539 accidit
1224 5485 1307 5541 Leoni
1329 5482 1446 5554 pontillcl
1465 5482 1635 5537 uattctissimo
1647 5483 1673 5537 in
1693 5497 1772 5543 cansa

146 5568 235 5609 ritorto
247 5556 367 5608 anterior
380 5556 501 5608 meminit
514 5570 639 5609 somnone
652 5554 722 5616 liin,
737 5553 772 5608 de
784 5552 936 5623 Tetrapore,
990 5554 1080 5609 lliiarii
1089 5557 1261 5623 Arelatensis,
1270 5555 1314 5625 qui
1324 5554 1435 5623 epistola
1447 5553 1493 5618 89,
1505 5553 1636 5609 acerrime
1647 5553 1773 5609 innocen·

146 5630 176 5678 in
189 5624 276 5691 uigilia
293 5627 464 5679 ascensionis
480 5641 487 5677 ι
502 5623 574 5679 Scire
590 5624 718 5685 debentur,
734 5623 831 5693 inquit,
850 5635 874 5678 et
894 5624 937 5677 in·
990 5637 1043 5679 tem
1059 5626 1224 5693 perstrinxit.
1240 5626 1310 5680 idem
1323 5640 1355 5678 cs
1371 5622 1528 5690 obreptione
1541 5624 1632 5679 Hilaro
1652 5623 1774 5690 maranti

147 5696 275 5772 ulliporu,
289 5699 380 5766 fratres
393 5696 537 5764 coritiani,
551 5697 611 5767 pitin
628 5695 681 5749 dies
696 5695 901 5766 cotttpunrtionis
914 5706 937 5752 et
990 5697 1016 5752 in
1029 5710 1109 5753 causa
1124 5695 1245 5754 ιιιιιιιιιι
1259 5695 1315 5752 acci
1327 5695 1388 5751 iisse
1400 5694 1496 5768 potuit.
1509 5693 1578 5755 Set,
1590 5694 1690 5751 Battus.
