3788 6120
108 237 173 299 rur
756 235 1001 295 urrsrouarun
1018 235 1125 293 ura.r
1204 217 1208 224 '
1700 251 1754 306 aar

106 350 193 412 alre.
210 347 240 402 lu
258 347 397 404 biremem
412 363 477 418 qnas
491 346 642 417 suprafatus
656 362 776 404 summus
789 348 915 403 sacerdos
928 354 953 409 Α
966 348 1089 417 peruium
1112 346 1313 414 codicellorum,
1336 364 1449 418 quornm
1469 353 1496 408 in
1518 354 1653 425 aduentu,
1677 357 1753 416 tratri

106 446 144 503 οι
164 439 287 517 protulit
311 440 411 509 paritor
430 450 457 494 ot
484 438 613 504 cuntulit,
632 437 782 521 ieiunatur,
805 448 912 502 oratur,
965 439 1045 495 etiaim
1058 449 1102 494 tuo
1116 432 1237 509 Ecdicio,
1251 441 1411 512 crrjnsaeque
1423 446 1504 500 titulis
1517 462 1549 503 ac
1561 451 1627 503 meis
1639 450 1751 519 qsudcs,

110 528 260 609 psallitur,
276 528 417 584 detondi
432 527 601 583 bructelesta
616 526 748 583 ceruleum
762 527 912 582 bumilists·
965 529 1051 584 boum
1069 531 1196 598 patricius
1209 531 1330 596 ancediu
1349 533 1508 601 celerrime,
1530 537 1553 591 si
1571 539 1672 607 cogites
1693 539 1751 608 elus

111 633 204 688 nm,
228 629 257 674 et
274 618 436 684 sternacium
459 618 555 673 ciuium
575 618 718 687 surspiriosa
739 618 912 672 contubernia
962 625 1085 695 oetatem
1102 617 1244 683 simetrius,
1264 620 1426 677 tardissime.
1442 622 1560 694 Namque
1573 627 1617 681 iiic
1627 628 1681 696 jam
1697 630 1751 700 pap.

113 715 252 791 pctozet
269 712 293 766 si
310 709 459 781 spiritalem
482 708 599 763 animum
620 718 693 763 tuurn
714 709 782 765 boue
805 709 911 775 metior,
962 705 1024 761 dem
1048 707 1202 777 suffragium
1231 708 1367 779 dignitatis
1393 710 1519 767 ineundae
1542 729 1596 770 nou
1619 716 1700 772 soluit
1722 719 1750 774 iu

116 801 206 867 nodo
228 801 310 857 citius
331 801 432 864 uenies,
448 799 518 870 quod
534 814 586 854 unu
598 800 631 853 ad
644 799 747 870 epulas,
764 799 813 855 sed
823 799 857 855 sd
871 800 911 854 la·
962 793 1109 863 lanceam
1124 796 1152 851 iu
1164 797 1221 853 acie
1235 815 1241 850 :
1254 801 1432 869 aerariumque
1444 801 1578 869 pubiicum
1593 804 1650 874 ipse
1661 809 1750 876 prira·

119 894 379 967 memoraris,
397 893 472 949 Vale,
961 892 1004 940 ills
1028 901 1081 940 nun
1100 888 1241 955 pecuniis,
1264 887 1312 942 Sed
1332 889 1464 946 manubiis
1489 892 1672 962 iocilpleilttil·
1693 895 1750 950 linc

398 980 564 1039 crustula
583 980 641 1036 llll.
961 981 1050 1028 tamen
1075 986 1168 1030 sancte
1181 975 1266 1032 Julius
1279 977 1383 1047 Nepos,
1403 981 1486 1035 armis
1508 981 1609 1051 pariter
1629 997 1750 1039 summus

301 1072 427 1129 Sidonius
438 1071 600 1128 liuticiorum
613 1074 732 1131 salutem,
960 1065 1095 1134 AtigllSiiis
1120 1080 1152 1121 dc
1178 1065 1319 1132 metibor,
1345 1068 1416 1138 qiiOd
1438 1069 1588 1129 decessor&
1611 1072 1748 1130 Atrtbemii

170 1164 247 1222 ducit
261 1179 385 1221 sermone
400 1165 525 1234 praelato,
538 1165 709 1235 bibliopolam
725 1174 841 1222 restrum
857 1183 908 1223 ⁰0„
959 1150 1053 1218 illem,
1066 1155 1156 1210 fratris
1166 1158 1205 1210 tui
1219 1156 1361 1212 sudoribus
1376 1158 1535 1227 obligatam,
1555 1175 1608 1230 quo
1627 1162 1747 1229 citerior,

141 1257 250 1331 pratose.
264 1254 620 1324 sedjudicialitererpertns
639 1255 744 1310 iusinun
769 1258 867 1326 :cuius
881 1269 908 1313 ιιι
959 1242 1010 1298 ¹¹⁰⁰
1028 1244 1186 1300 'illlifflflli
1209 1247 1341 1312 absolvit;
1363 1248 1494 1317 siquidem
1518 1249 1569 1305 ¹⁸¹⁰
1591 1253 1746 1320 compleuit,

145 1347 209 1405 stes
221 1347 247 1401 io
265 1357 384 1414 pectore,
399 1346 439 1400 sic
451 1345 477 1398 in
490 1360 572 1414 opere
589 1346 762 1413 celeritatem,
778 1348 848 1403 circe
861 1349 909 1403 «ιη.
957 1337 1028 1407 qnod
1039 1338 1086 1391 illc
1097 1339 1243 1407 sepissime
1257 1340 1439 1408 pollicebatur.
1455 1342 1513 1408 Quo
1525 1341 1566 1407 iit,
1578 1350 1607 1397 ut
1617 1342 1744 1413 deinceps

150 1437 229 1493 uirum
254 1445 280 1491 tc
300 1433 364 1488 milri
385 1432 490 1501 sibique
517 1448 685 1489 communem
711 1435 777 1490 satis
803 1437 908 1492 abunde
954 1445 1005 1512 ¹[itit
1018 1430 1156 1497 republica
1176 1433 1291 1501 optimus
1314 1433 1425 1503 tritisque
1449 1434 1532 1503 pas-ir
1547 1447 1579 1487 ac
1603 1433 1746 1501 delicato

152 1523 249 1599 palari.
269 1532 283 1560 ¹
299 1523 408 1578 Librum
428 1522 507 1591 igitur
525 1522 579 1592 jam
603 1523 661 1591 ipse
675 1524 796 1593 deportat
809 1527 906 1596 ilepia-
956 1522 1019 1591 quid
1034 1521 1149 1591 cuipiam
1172 1523 1269 1576 uirium
1294 1533 1345 1588 est,
1362 1524 1422 1593 quia
1442 1537 1562 1587 securus,
1579 1523 1642 1578 lriuc
1653 1524 1746 1579 aridus

153 1614 231 1681 brebi,
248 1612 375 1681 scriptum
396 1611 535 1666 uelocitate
546 1628 665 1676 summa,
687 1628 791 1669 summo
807 1617 904 1683 nitore;
956 1612 1111 1681 impendere
1129 1615 1255 1682 :quaudo
1269 1613 1377 1683 quidem
1392 1628 1498 1669 mortun
1511 1630 1615 1686 qunque
1630 1617 1746 1686 impora-

153 1719 272 1777 qrruqusm
283 1712 338 1758 eta
352 1702 428 1756 uobis
442 1704 570 1756 reiectum
584 1711 610 1757 et
623 1711 802 1758 retractatum.
819 1706 906 1761 ileiert
923 1690 944 1748 Β
958 1712 1030 1775 ture,
1055 1705 1224 1760 laborantum
1254 1706 1387 1760 deuotioni
1420 1706 1548 1776 quidquid
1572 1708 1746 1776 spoponderit

153 1795 284 1851 etrnlnurcn
297 1791 497 1862 prophetarum,
509 1792 570 1847 incr
581 1807 623 1848 me
634 1793 743 1849 absente
754 1794 905 1865 decursum,
959 1796 1092 1864 princeps,
1107 1809 1214 1864 semper
1227 1793 1293 1849 redb
1306 1794 1351 1849 bet
1370 1793 1445 1866 147
1458 1796 1629 1864 principatus.
1642 1796 1744 1852 intereo

154 1897 273 1942 ssstsrnen
287 1899 352 1939 cura
374 1899 507 1954 manuque
528 1883 562 1939 de
578 1887 748 1954 superuacuis
766 1890 907 1944 senterrtiis
957 1894 1001 1952 iu,
1022 1886 1044 1939 si
1059 1883 1182 1940 allectum
1199 1899 1271 1939 tuurn
1283 1884 1352 1940 bene
1365 1887 1470 1955 cuiiipo,
1494 1887 1567 1942 bisce
1589 1887 1743 1952 compertis,

153 1976 307 2041 ιιιιιηιιιιιις
332 1990 383 2032 ncc
395 1973 526 2046 semperl
552 1972 599 2030 illo
619 1984 711 2030 contra
732 1977 845 2048 legente,
861 1982 905 2047 qui
956 1992 1080 2049 magnum
1101 1977 1224 2032 solatium
1245 1977 1315 2034 inter
1329 1976 1439 2032 aduersa
1453 1983 1571 2035 marima
1587 1980 1680 2047 capis:
1696 1993 1745 2035 uec

154 2067 399 2137 ponberatopersur
414 2081 488 2119 airam
503 2080 510 2121 :
524 2065 675 2135 credoquia
690 2067 829 2123 iullrmitas
850 2068 907 2124 lue·
955 2068 1072 2123 animum
1095 2078 1169 2123 tuum
1188 2069 1321 2123 atramite
1337 2069 1518 2123 communium
1533 2069 1688 2141 gaudiorum
1702 2071 1745 2125 ri·

154 2156 181 2210 rit
198 2156 400 2227 ltopedimeuto,
428 2155 570 2225 quominus
605 2155 720 2224 pollicita
749 2160 904 2229 compleret.
954 2156 1024 2213 cluse
1046 2174 1153 2229 quoquo
1167 2157 1315 2213 obsidionis
1336 2167 1425 2213 terror
1437 2161 1578 2214 exorbitat.
1591 2159 1658 2214 Νιιιί
1670 2159 1742 2215 enirn

154 2246 224 2304 tent
239 2248 426 2304 nterbnrurio
438 2258 543 2314 restra,
566 2246 622 2302 sire
641 2249 759 2317 sponsio,
780 2249 905 2308 lanuuium
955 2246 1097 2317 prebere
1112 2261 1171 2302 meo
1186 2246 1294 2315 quidem
1306 2253 1343 2311 te,
1363 2261 1443 2317 quem
1458 2263 1491 2303 er
1508 2250 1566 2319 lege
1586 2248 1743 2318 participas,

153 2339 222 2395 sirrel
234 2340 380 2394 studentem
397 2337 475 2410 146
489 2339 603 2408 placere,
617 2339 658 2393 rel
673 2340 806 2407 meritum,
821 2345 904 2413 qratia
954 2338 994 2394 sic
1009 2337 1111 2393 bonore
1132 2339 1247 2394 lutatam
1265 2339 1347 2408 :quia
1361 2339 1424 2394 licet
1437 2339 1475 2394 sis
1488 2355 1554 2393 uror
1571 2340 1650 2404 bona,
1665 2354 1744 2394 soror

154 2429 282 2497 nupturi
296 2436 482 2484 remuneretur
496 2443 503 2481 :
516 2442 575 2495 quae
588 2426 678 2497 utique
692 2442 740 2498 pro
754 2432 800 2485 tali
815 2432 905 2489 labore
954 2441 1061 2498 quoque
1081 2428 1179 2496 optima
1191 2442 1231 2483 cs.
1246 2426 1302 2495 Qua
1317 2428 1351 2482 de
1362 2443 1401 2494 re,
1422 2429 1538 2497 propitio
1554 2430 1609 2483 beo
1623 2429 1740 2497 cirristo,

154 2517 397 2592 dadritnr„irreipiet
410 2527 526 2573 rostram
537 2519 670 2588 respicere
679 2522 839 2577 nrcrccdem.
852 2524 903 2580 sed
955 2519 1291 2588 aiiiptiarosprnsapiernne
1303 2518 1393 2573 titulos
1406 2532 1456 2588 epo
1471 2518 1741 2588 lestinucgratatoniis

155 2608 303 2681 mnboceqn
317 2609 416 2666 desula
429 2609 511 2680 qratia
527 2625 629 2678 precer,
643 2610 760 2681 nusquid
773 2625 905 2669 mereatur
954 2609 1073 2679 apicibus
1088 2607 1227 2677 inscripsi,
1254 2609 1355 2678 pariter
1372 2607 1514 2663 sbsoireus
1534 2608 1740 2665 sollicitudinem

155 2698 451 2770 amicireqacmconstnr
462 2700 585 2756 affectum
600 2697 701 2756 donnini
713 2701 905 2773 magicarubire
955 2707 1044 2766 tuam,
1060 2699 1148 2755 iratris
1170 2699 1299 2770 pudorem
1315 2717 1322 2752 ε
1338 2715 1417 2770 quern
1431 2700 1468 2756 nil
1484 2699 1518 2756 de
1532 2702 1639 2771 propria
1650 2703 1740 2772 dipol-

157 2801 212 2856 tiiau
222 2790 363 2862 premium.
378 2790 452 2847 Vale.
954 2799 1008 2848 tate
1021 2792 1209 2856 indicaturum,
1229 2793 1252 2846 si
1267 2794 1447 2847 rerccuudurn
1462 2791 1530 2847 lorte
1544 2794 1672 2859 nescires,
1690 2807 1740 2848 uec

387 2879 549 2936 uersibus
569 2879 640 2937 lllll.
952 2881 992 2937 sic
1003 2881 1114 2950 impium
1127 2881 1272 2950 judicares.
1286 2881 1343 2952 Ego
1357 2897 1422 2938 vero
1444 2898 1496 2938 nou
1512 2892 1613 2939 tantum
1627 2884 1740 2954 iusigni-

253 2972 399 3029 sidonense
414 2969 568 3043 Papianilioe
579 2987 632 3025 suc
645 2970 761 3027 salutem.
954 2973 1003 3029 bus
1018 2974 1129 3039 restris,
1150 2989 1209 3044 quae
1224 2983 1251 3028 tu
1276 2975 1403 3030 bactcuus
1415 2990 1516 3045 quantu
1529 2976 1649 3042 liberius,
1666 2987 1740 3032 tauto

182 3055 279 3118 batenus
299 3062 410 3118 veniens
424 3060 567 3130 dunestor
586 3061 756 3125 Licinianus,
776 3078 836 3117 curn
848 3065 902 3136 pri·
915 3031 940 3096 c
954 3063 1136 3134 impatientius
1159 3063 1351 3133 praestolabare
1382 3065 1548 3136 (quanquam
1577 3066 1609 3120 iis
1633 3082 1740 3138 qunque

159 3153 306 3224 morengia,
327 3153 393 3222 alpe
408 3153 573 3216 transmissu,
584 3150 676 3209 Galliae
690 3154 787 3219 solnm,
802 3155 903 3211 litteras
954 3153 1098 3227 granditer)
1120 3162 1247 3225 quantum
1271 3157 1417 3211 concordia
1434 3156 1531 3213 lruor:
1548 3172 1626 3227 quam
1649 3174 1740 3228 parem

156 3236 250 3299 iltutus
267 3245 307 3300 sni
332 3245 445 3314 praeuius
459 3245 550 3308 misit,
575 3243 672 3314 quibus
687 3243 786 3299 iudicat
800 3260 860 3300 csse
874 3261 903 3303 se
957 3246 1067 3311 nostris,
1079 3245 1188 3313 suisque
1199 3244 1291 3300 liberis
1305 3244 1333 3300 iu
1347 3253 1484 3316 posterum
1497 3258 1614 3318 exopto:
1629 3249 1697 3304 rotis
1713 3250 1739 3304 in

174 3374 197 3447 0
227 3377 284 3433 *lli
298 3376 508 3431 Pentateuclurm
527 3386 631 3431 ueteres
644 3376 810 3444 appellarunt
824 3380 902 3447 quiu-
956 3379 1009 3434 nsit
1021 3392 1137 3432 ruccone
1156 3378 1252 3434 mariti.
1268 3377 1324 3446 Quo
1346 3379 1423 3433 dere
1438 3389 1466 3432 nt
1481 3392 1597 3433 iarrnncs
1617 3380 1739 3433 omittam

143 3446 209 3501 neit
237 3463 266 3501 ns
277 3449 370 3511 blesis,
385 3447 418 3500 ita
430 3456 457 3499 ct
469 3445 640 3500 Tritcucburu
655 3454 709 3500 tres
721 3449 764 3514 qiu
780 3449 902 3515 proxime
953 3450 996 3517 qui
1011 3448 1109 3517 passim
1130 3458 1290 3515 ooeurrinut,
1306 3450 1432 3519 praeclara
1450 3459 1538 3503 exstat
1553 3448 1618 3517 Lupi
1634 3449 1740 3503 Tricas-

133 3510 275 3587 fflurur,
288 3515 379 3581 iosue,
391 3515 497 3571 iudices
510 3525 537 3570 et
548 3514 627 3569 iiutb.
642 3514 686 3570 Sic
700 3517 771 3571 enim
787 3519 903 3570 dtirann-
955 3518 1007 3573 sini
1021 3527 1048 3571 et
1061 3516 1206 3584 Eupbronii
1222 3519 1467 3586 sngirsrndnnensis
1480 3519 1666 3586 episcoporum
1682 3534 1739 3583 cpi-

130 3578 227 3641 ⁸lsssil
245 3587 424 3643 ilarccitiuum
441 3603 447 3636 :
464 3592 590 3654 utrasque
604 3599 669 3639 uero
688 3586 767 3639 simul
783 3585 901 3656 jurrctnur,
957 3587 1025 3643 stola
1039 3602 1099 3656 quac
1118 3601 1219 3641 morem
1234 3586 1304 3641 bunc
1326 3597 1439 3641 testatur
1455 3605 1462 3640 :
1478 3587 1526 3640 sed
1549 3587 1610 3640 loric
1626 3587 1738 3641 edeunu

125 3636 324 3712 Monoleum.
345 3658 381 3709 lta
394 3654 569 3710 Cassiodorus
586 3668 646 3724 cap.
663 3655 675 3710 l
694 3654 846 3713 llirlrrarurn
862 3659 901 3711 in·
955 3656 1237 3713 aliuscritlncus.llco
1248 3657 1424 3724 adjirruuteb
1437 3656 1631 3711 iinucsarissit
1644 3669 1739 3710 erenr-

115 3716 296 3788 ⁸litandorum,
311 3735 339 3780 et
353 3725 438 3780 draci
457 3739 552 3780 omnes
565 3739 677 3795 quornm
692 3731 791 3793 scripta
807 3728 900 3794 legiru-
955 3728 1027 3796 pium
1042 3725 1142 3780 Paulini
1163 3724 1267 3793 Nolani,
1289 3727 1332 3780 cui
1351 3725 1458 3780 Toranio
1481 3728 1515 3779 dc
1533 3724 1646 3794 conjuge
1669 3726 1738 3779 lanta

113 3778 212 3856 ¹*sir
223 3801 268 3856 ciis
282 3797 461 3867 'omissoque
479 3795 547 3863 Qiris
561 3804 650 3850 autem
671 3795 785 3859 llcbruri,
800 3804 829 3850 ut
841 3795 902 3864 spi·
953 3810 1040 3860 soror,
1054 3804 1084 3848 ut
1097 3794 1125 3848 in
1136 3793 1268 3849 Cbrnnico
1283 3794 1397 3863 loquitur
1409 3795 1506 3849 ldutlus
1523 3794 1668 3850 :Germani
1683 3796 1739 3848 dn·

109 3854 234 3919 min
252 3873 282 3920 et
300 3867 475 3936 illerum-inus
490 3865 647 3933 observant,
671 3863 809 3919 bistorism
831 3864 901 3918 llutlr
954 3864 1163 3931 tissiodorensis,
1179 3863 1213 3919 de
1226 3879 1280 3934 quo
1294 3865 1320 3918 lu
1335 3865 1392 3934 clos
1407 3865 1464 3920 lira
1477 3862 1647 3918 Constantius
1663 3879 1738 3931 prco-

222 3936 248 3990 in
273 3937 371 3990 librum
392 3951 453 3989 cum
472 3934 608 3990 iudicibus
629 3938 815 4004 compingunt,
841 3934 903 3991 iniis
955 3935 1052 4017 bpier:
1070 3932 1639 4004 licorinsororcmesconiuqemutnturset
1653 3933 1738 3988 Lon·-

105 3980 217 4061 ἦιιιιιι
239 4014 328 4059 estut
343 4004 551 4074 lieprsteucbnm
573 4004 638 4073 pleri
659 4018 692 4058 nn
715 4006 830 4058 dixerint
854 4020 902 4075 pro
955 4007 984 4060 tir
997 4004 1115 4072 episcopi
1138 4003 1352 4072 burdegalen-is,
1367 4004 1401 4058 de
1414 4005 1489 4073 eujus
1508 4003 1644 4058 Piacidina
1667 4003 1739 4061 iduor

105 4050 281 4130 ‘lassesco
296 4091 304 4127 ι
319 4081 350 4130 ut
367 4074 543 4145 llierooymus
556 4019 668 4144 epicuql
685 4081 712 4128 et
723 4073 770 4142 28,
786 4083 813 4129 et
825 4072 903 4130 Sido-
954 4072 1047 4128 scribit
1073 4072 1234 4128 Fortunatus
1265 4091 1272 4126 :
1300 4073 1416 4143 denique
1442 4073 1530 4128 llrbici
1555 4074 1737 4126 drrcrnorun

105 4134 186 4197 *b
196 4144 246 4199 boe
260 4144 329 4199 loco
953 4142 1083 4212 episcopi,
1108 4156 1188 4209 quem
1211 4149 1303 4196 usrrat
1330 4139 1474 4212 Gregorius
1498 4141 1545 4196 lib.
1570 4155 1590 4205 ι,
1613 4154 1673 4206 cap.
1689 4141 1737 4203 ll,

162 4208 265 4272 *leus
276 4213 411 4268 adnotatio
421 4210 674 4268 iucodlceblartiaui
687 4211 812 4279 Gspellne,
840 4227 900 4267 usm
954 4211 1044 4271 tuultis
1061 4212 1185 4285 lacrymis
1198 4212 1307 4278 ciuisse,
1321 4214 1392 4283 quurl
1416 4209 1633 4267 coosrrstudinern
1649 4213 1737 4264 ecclc·

109 4258 249 4353 Quen
265 4284 362 4355 protuli
374 4284 408 4349 ad
419 4282 568 4338 bonodium
580 4282 626 4336 lib.
638 4297 657 4344 r,
672 4284 751 4350 epist.
766 4282 799 4337 tu
811 4227 902 4350 jaer„
953 4283 1086 4338 siasticam
1101 4289 1202 4346 temere
1214 4283 1356 4351 siiqnnutn
1366 4282 1501 4337 uiolasset.
1512 4279 1588 4348 ernd
1598 4293 1662 4348 erqo
1679 4277 1739 4347 loge

110 4344 209 4413 'Uer
223 4352 387 4407 cumdolore
401 4362 488 4406 contra
501 4357 597 4421 leporio
617 4352 737 4405 lienteria
750 4351 901 4405 sclroinsu'co
953 4365 986 4407 ac
997 4367 1072 4406 ruore
1090 4352 1231 4412 sani-itum.
1245 4353 1502 4419 predecessorisque
1515 4351 1556 4406 sui
1570 4348 1639 4404 luctu
1654 4357 1737 4401 teser·

256 4437 321 4476 iseo.
337 4422 387 4489 Qui
402 4422 483 4477 libros
496 4438 529 4477 ex
541 4423 682 4477 collatione
696 4421 834 4475 meliorum
852 4436 901 4475 co·
954 4430 1010 4474 tum
1033 4420 1193 4475 meminerat
1211 4418 1347 4486 Sidonius,
1362 4423 1388 4475 id
1412 4435 1458 4474 aur
1483 4422 1615 4489 ignorare,
1630 4426 1675 4471 aut
1691 4418 1739 4470 im·

121 4480 210 4547 fin
224 4491 363 4557 fluenda,
378 4491 479 4546 socium
492 4491 601 4547 adbibet
616 4491 660 4560 qui
676 4493 753 4559 legat,
768 4491 831 4544 dum
843 4491 899 4557 ipse
916 4498 1023 4558 nouus
1043 4503 1215 4546 contremuere
1234 4493 1277 4559 qui
1299 4492 1400 4559 poturit?
1414 4491 1446 4544 Et
1469 4499 1557 4543 torrreu
1572 4497 1635 4543 sum
1646 4487 1691 4556 qui
1704 4502 1739 4540 nx

116 4602 123 4611 .
171 4620 185 4633 Ι,
254 4576 337 4626 unum
359 4560 474 4631 inspicit.
500 4562 524 4614 ls
550 4571 640 4615 urrrtra
655 4560 742 4628 legere
753 4560 899 4616 dicebatur.
953 4558 1105 4628 raptarum
1118 4560 1252 4614 mentione
1267 4562 1317 4616 boc
1339 4562 1398 4623 inco
1412 4561 1499 4613 lucum
1512 4558 1569 4612 lieri
1585 4570 1663 4627 posse
1676 4572 1740 4610 cusr-

128 4614 221 4687 Btb's
239 4631 333 4686 codice
354 4631 479 4686 Macrobii
498 4630 639 4684 Theodosii
666 4630 821 4684 eureodatnr
844 4630 902 4683 linc
954 4630 1053 4693 lidaut;
1075 4636 1103 4682 et
1123 4630 1183 4697 quia
1202 4631 1249 4684 lib.
1268 4645 1304 4696 rr,
1327 4632 1405 4698 epist.
1430 4628 1480 4693 li,
1502 4642 1562 4681 cum
1585 4625 1739 4695 Apollinare

138 4702 260 4769 ¹Roisrst
283 4718 290 4753 ε
316 4699 431 4755 aurelios
461 4699 595 4753 Memmius
619 4698 786 4769 Symmachus
812 4698 845 4753 V.
869 4698 898 4753 G.
953 4699 1007 4753 lliio
1019 4698 1171 4753 Terentium
1185 4699 1409 4770 llcuarolruurqnc
1420 4699 1482 4766 legit
1495 4697 1620 4753 Sidonius
1632 4695 1735 4765 episco-

138 4770 281 4825 utrem
294 4770 421 4825 bermone
433 4786 490 4823 cum
506 4768 633 4822 linerodio
645 4768 746 4822 Plotius
763 4768 901 4823 liudonfo:
954 4783 1012 4836 pus,
1024 4769 1085 4822 inde
1100 4768 1182 4821 lulium
1195 4769 1248 4839 62
1260 4770 1313 4836 juin
1334 4769 1482 4838 epireburu,
1496 4766 1551 4837 janu
1566 4765 1668 4822 Graecae
1687 4766 1737 4818 ba·

144 4834 420 4905 fflroebiscoutna
437 4839 531 4907 iecisse
546 4838 693 4892 Euilnrium
707 4839 846 4907 siqnillcnt.
953 4841 1068 4906 tiaeque
1090 4836 1185 4907 lingone
1204 4838 1355 4893 auctoribus
1376 4839 1528 4902 initiaruun,
1549 4851 1563 4889 a
1586 4847 1662 4918 patre
1679 4832 1735 4902 iim

169 4909 253 4965 ‘triti
272 4913 382 4979 Augrrsu
404 4911 481 4973 lilim,
498 4908 600 4962 Sidonii
614 4910 688 4961 irrnrri
703 4917 764 4960 arare
778 4907 900 4962 sacerdo·
951 4908 1078 4976 episcopu
1087 4917 1238 4976 susceptum
1249 4909 1412 4962 cirnteudant
1426 4926 1433 4964 :
1446 4922 1525 4979 quem
1535 4920 1579 4961 res
1590 4919 1646 4975 rpsa
1660 4904 1738 4958 docet

146 4968 200 5043 b.
219 4994 291 5035 nuuc
304 4980 401 5043 sorori,
422 4996 457 5033 er
471 4993 602 5033 canonum
620 4978 775 5048 praescripto
799 4989 826 5032 et
840 4993 899 5045 per·
951 4977 1079 5045 epistolas
1102 4990 1195 5033 uurues
1216 4977 1412 5033 Constuubauar
1430 4975 1608 5039 collectionis,
1631 4974 1683 5030 buc
1697 4982 1737 5028 esi

136 5048 202 5109 'ull'
214 5048 406 5104 eurrsuetudine
422 5050 517 5119 pri-cae
531 5047 658 5102 Ecclesiae
673 5063 682 5102 ι
696 5049 723 5100 in
744 5061 794 5113 qua
809 5049 852 5114 qui
865 5061 898 5100 cx
952 5047 1079 5101 librorum
1104 5061 1140 5100 ru
1156 5049 1292 5115 priorum,
1313 5063 1379 5116 qnos
1398 5048 1539 5114 episcopus
1562 5044 1687 5107 dictauit,
1713 5045 1739 5096 in

144 5112 242 5189 *slogio
259 5118 292 5171 sd
311 5118 487 5172 sacerdotium
508 5118 723 5180 ascisoelrnntur,
740 5119 773 5169 ab
786 5132 898 5170 rusorum
951 5115 1017 5181 ipsis
1039 5130 1107 5187 pene
1132 5116 1299 5184 pontificatus
1313 5116 1438 5184 auspiciis
1460 5117 1586 5170 dictasse.
1602 5112 1653 5168 Sed
1676 5112 1739 5182 quid

140 5186 311 5259 memnii,
326 5189 464 5242 srnrraluer
476 5189 669 5253 nicinrcepscunn
682 5186 735 5241 illis
748 5201 899 5256 quamcour
954 5184 1036 5240 lacios
1059 5187 1228 5248 bominibus,
1253 5186 1298 5256 qoi
1321 5202 1383 5240 cunr
1407 5188 1461 5239 ucri
1476 5185 1541 5241 nilrii
1564 5184 1671 5249 dicant,
1689 5179 1739 5237 sibi

139 5256 256 5315 mbos
268 5257 452 5313 versabantur.
465 5258 640 5328 lbcrnuymus
652 5258 730 5325 epist.
747 5255 760 5306 l
776 5256 809 5309 ud
823 5256 901 5310 Paru-
953 5263 1042 5310 tamen
1057 5256 1155 5309 clausis
1170 5258 1251 5311 oculis
1267 5257 1338 5310 credi
1353 5257 1465 5309 rniruul

136 5324 251 5401 ,θυι
264 5345 272 5381 :
283 5327 415 5400 Episcopi,
437 5329 586 5399 presbyteri,
601 5327 712 5391 diaconi,
732 5333 776 5378 cui
791 5327 900 5395 rirqiues
989 5322 1003 5362 ‘¹
1018 5325 1055 5381 De
1080 5325 1156 5391 hujus
1176 5327 1261 5380 aliero
1276 5326 1302 5380 iu
1324 5324 1437 5381 Galliam
1450 5322 1566 5379 arlteuln
1590 5321 1644 5391 jam
1657 5328 1737 5396 supr!

180 5456 184 5465 ,
212 5414 261 5465 ν,
279 5405 326 5452 ιιιιι
338 5397 428 5464 ainsi,
456 5409 500 5452 aut
522 5407 587 5451 certe
609 5407 665 5463 post
686 5395 901 5449 sacerdotiumne
955 5395 1062 5463 scripsit
1082 5395 1128 5449 lib.
1144 5410 1190 5458 ru,
1205 5396 1284 5460 epist.
1309 5396 1335 5449 l.
1356 5395 1431 5449 Nunc
1453 5394 1488 5448 de
1510 5390 1641 5449 codicillis
1656 5394 1738 5455 pstrr·

258 5468 356 5540 psdici.
379 5464 491 5522 doristus
515 5467 635 5521 belensis
662 5466 688 5519 in
711 5465 820 5531 epistola
846 5479 900 5517 unni
955 5465 1057 5529 ciatus,
1080 5478 1148 5535 quos
1177 5464 1284 5520 Ecdicio
1307 5467 1399 5522 comiti
1417 5464 1540 5519 attulits
1571 5459 1672 5529 Nepote
1683 5454 1737 5511 du·

129 5532 190 5595 fle
205 5536 319 5593 :Perdit
339 5546 448 5609 qrutmsu
468 5537 607 5592 consummi
620 5535 664 5607 qui
686 5534 771 5588 rutae
786 5534 902 5606 officium
956 5541 1044 5604 gttsltt.
1406 5532 1411 5542 '

105 5688 108 5701 ,
151 5628 251 5687 ⁸lisuc
266 5629 405 5688 epistolam
423 5629 554 5686 edidimus
568 5643 649 5694 supra
663 5630 714 5684 col.
731 5628 778 5683 bd.
