3788 6120
121 234 177 294 lid
788 223 914 282 t'tctol.
934 222 1097 280 illabata.

123 355 332 412 mammutium,
349 342 513 415 peanitentiae
536 354 637 396 munus
651 347 680 396 et
692 337 920 396 reconciliationis
935 341 959 397 Α
973 335 1057 404 Qunam
1071 336 1178 407 quidem
1194 335 1242 390 cii
1260 334 1355 389 cruditi
1367 334 1541 400 seutentiam,
1554 349 1674 390 aonmot

124 440 316 512 indulgentiam
335 437 505 492 sacerdotum
519 433 672 490 ministerio
692 445 862 497 concessam,
884 428 918 483 ad
971 429 1124 498 plectimur,
1139 428 1187 482 sed
1203 426 1271 484 adeo
1285 428 1369 482 certis
1385 436 1413 482 et
1428 425 1584 482 indubitatis
1599 418 1674 499 augur

124 546 193 603 quos
204 540 312 602 paccata
326 529 432 585 solvere
442 543 476 583 er
489 526 589 582 Citristi
606 523 775 580 institutione
784 522 916 594 pertinet:
970 519 1134 592 propugnari
1149 534 1229 590 posse
1243 532 1397 586 censemus,
1413 529 1442 574 ut
1458 519 1594 575 nemiuem
1607 518 1635 576 ei
1650 535 1674 575 tu

126 625 169 679 bc
189 620 357 690 baptismatis
377 619 467 674 unitas
487 616 608 673 marinna
628 613 846 679 commendatur,
876 612 921 666 bic
971 613 997 668 in
1013 623 1149 680 posterum
1164 609 1431 679 essereiragatumun
1446 610 1620 666 arbitremur.
1642 610 1674 667 td

124 715 206 770 tumis
219 712 387 784 baptismalis
402 723 486 766 sacrae
501 709 707 765 benedictiones
727 705 852 775 laudatae,
875 720 919 760 so·
971 704 1082 773 eiigita
1097 703 1175 758 uobis
1188 705 1310 779 omniunt
1325 702 1449 757 coelicum
1465 717 1530 756 mss.
1549 702 1674 759 eruanimi

125 807 231 862 ietunes
242 805 310 860 ritus
322 802 348 857 in
364 802 552 857 detunctorum
567 800 686 855 lideiium
700 796 839 868 exsequiis
866 794 921 850 usi·
972 809 1078 863 seusus,
1092 810 1208 865 qnorum
1226 810 1260 850 ne
1274 809 1344 849 attus
1358 795 1477 864 quidem.
1502 810 1535 848 es
1550 794 1586 849 iis
1608 794 1674 855 salit

123 900 174 957 tati
192 905 384 955 momorantur.
413 893 536 950 Basilica
560 893 588 947 in
610 900 767 948 sanctorum
789 889 920 944 bonorem
973 887 1103 944 bacteuus
1116 888 1252 954 visisunt,
1272 886 1409 942 Victorem
1436 886 1590 943 Uticensem
1604 888 1674 967 istis

124 993 182 1048 lieo
197 998 371 1049 consecratae.
385 994 540 1042 sauctorum
555 984 582 1040 iu
600 983 677 1040 cmiis
692 979 864 1052 regnantium
878 979 921 1033 in·
972 981 1011 1035 ris
1021 988 1157 1036 :auctorem
1170 978 1286 1050 praelert.
1303 978 1605 1050 Nosqnatuoromttloo
1616 980 1674 1039 ittrt

121 1081 244 1149 uocatis,
256 1079 384 1134 boetianas
401 1076 529 1133 lasciuia
552 1075 695 1146 primatus,
721 1071 839 1143 uirgines
864 1069 922 1126 Deo
971 1069 1000 1126 iu
1012 1071 1111 1141 quibus
1126 1070 1184 1126 bccc
1198 1070 1315 1126 iiistoria
1332 1069 1448 1126 babetur
1465 1071 1585 1141 iutegra;
1605 1087 1642 1131 cs
1659 1072 1674 1131 ii

126 1187 223 1240 mera,
238 1168 488 1240 aliaqueejusmodi
509 1167 580 1223 mue
602 1165 686 1222 muita
707 1164 810 1236 passim
824 1175 923 1218 occur·
975 1162 1195 1236 ttetartspautoe
1224 1161 1334 1217 Vitrasia
1357 1162 1476 1233 episcopi
1495 1177 1596 1218 numen
1619 1162 1674 1220 disi

127 1276 209 1331 ratu-;
222 1278 282 1334 quae
297 1278 330 1318 eo
342 1263 461 1318 certiora
474 1271 538 1316 sunt
553 1257 709 1314 traditionis
720 1259 837 1326 autiquae
851 1253 924 1309 indl-
973 1270 1028 1311 uon
1053 1254 1137 1310 semul
1164 1262 1372 1325 repraesentant,
1399 1254 1428 1309 in
1452 1262 1548 1325 quarto
1561 1258 1656 1313 auten

126 1359 180 1422 cia,
193 1354 264 1425 quud
281 1354 315 1410 ab
330 1355 381 1408 isto
395 1362 505 1408 aucteurs
517 1351 591 1406 nulla
605 1350 667 1406 data
677 1363 770 1420 opera,
784 1346 925 1416 etabsque
973 1349 1117 1419 episcopus
1131 1347 1291 1417 simpliciter
1302 1346 1412 1414 dicitur,
1425 1345 1498 1402 nulla
1508 1345 1582 1402 sedis
1602 1338 1674 1418 ipsis

121 1450 182 1505 vnlla
196 1446 373 1503 affectationis
389 1444 481 1514 speeie
501 1445 605 1514 prolata
629 1441 739 1498 itterint.
765 1438 859 1495 Visam
883 1445 926 1493 est
974 1441 1121 1498 mentione.
1136 1440 1331 1496 liiseonsentit
1343 1438 1430 1495 codes
1451 1452 1501 1494 ms.
1514 1437 1666 1495 cartbutiar

128 1544 210 1598 etiam
222 1540 294 1597 idem
307 1552 375 1607 opus
386 1537 475 1608 magui
489 1534 621 1593 momenti
640 1534 674 1590 ad
697 1529 923 1602 compescendum
973 1548 1045 1602 mm,
1062 1533 1186 1604 antiquus
1201 1542 1229 1588 et
1239 1533 1350 1602 optimas
1365 1541 1448 1598 nota,
1464 1532 1520 1601 qni,
1536 1536 1674 1591 mantel

129 1645 279 1702 eorumque
289 1626 622 1693 baereticorumiurorem
639 1626 781 1696 proposito
798 1623 924 1691 crempio
974 1625 1023 1692 tio,
1041 1624 1112 1680 bunc
1126 1625 1233 1679 titulum
1252 1624 1380 1693 prtelert:
1394 1622 1521 1694 Prologus
1536 1624 1563 1679 in
1575 1623 1674 1680 Uictori

133 1724 325 1790 vandalorum,
342 1737 377 1777 ne
391 1722 464 1791 ipsos
479 1719 560 1776 rebus
575 1720 662 1776 sacris
676 1716 809 1773 uiolandis
825 1714 924 1771 imitari
940 1700 963 1761 Β
977 1717 1114 1772 secationis
1133 1715 1275 1788 Africanae.
1300 1717 1369 1770 edite
1392 1732 1409 1769 ιι
1434 1723 1523 1770 sancto
1552 1715 1660 1773 Victore

129 1818 298 1874 riderentur.
315 1815 396 1870 certe
410 1827 442 1868 ea
456 1810 507 1867 luit
519 1824 597 1866 meus
610 1809 681 1864 beati
697 1808 831 1872 libanam,
850 1806 927 1878 euius
984 1810 1095 1865 i'iteuais
1108 1810 1239 1878 episcope.
1256 1809 1385 1866 eumden
1400 1819 1538 1865 auctorem
1553 1810 1674 1885 epbcope

132 1922 217 1979 opera
229 1906 318 1977 primo
329 1907 355 1960 iu
371 1907 458 1960 lucem
482 1899 771 1972 perditissimorum,
792 1900 877 1970 lnquit
900 1899 928 1955 itt
979 1912 1086 1967 emaum,
1101 1917 1153 1955 nou
1170 1899 1315 1955 Uticensem
1329 1901 1561 1973 diserteeppellari
1571 1904 1600 1958 in
1613 1901 1674 1961 cudi

131 2000 318 2057 admonitione
345 1995 457 2068 uratia.
481 1991 589 2048 Victori·
612 1990 757 2047 flitivlitm
774 1991 813 2046 'ti
828 1992 856 2045 iu
879 1988 928 2045 htv
978 1996 1150 2055 bibliothecae
1173 1997 1311 2053 Vaticana
1336 2005 1430 2053 mouet
1457 1998 1545 2054 Lucas
1568 1994 1674 2055 daliter

131 2093 269 2167 perlegisse
277 2090 403 2164 proderit,
427 2088 497 2159 quod
518 2089 561 2142 eis
574 2085 649 2140 eliud
659 2085 804 2155 exemplum
825 2084 859 2139 nd
883 2084 929 2139 de·
979 2086 1172 2144 animaduersis
1180 2087 1214 2143 ad
1228 2087 1447 2160 Martyrolog'mm
1460 2084 1669 2151 Romanumtd

133 2186 305 2242 terrcrrdums
319 2181 450 2255 religiosis
460 2181 536 2235 sectis
552 2181 585 2234 rit
597 2178 735 2248 efficacius,
750 2176 818 2246 quod
832 2177 867 2230 iti
881 2176 929 2231 asi
978 2182 1105 2240 calendas
1119 2181 1301 2254 septembris.
1315 2181 1435 2252 lienique
1446 2180 1542 2237 beatum
1557 2178 1674 2238 libem

127 2279 224 2335 -octtior
246 2284 369 2350 ponatur,
396 2290 473 2344 quam
494 2274 553 2327 diret
571 2281 649 2339 atque
666 2269 929 2342 iulondeCitristioni
980 2274 1082 2345 primns
1096 2288 1168 2330 anno
1180 2273 1249 2329 1535
1271 2275 1341 2330 banc
1360 2273 1500 2328 historiam
1530 2272 1602 2345 typis
1621 2286 1674 2329 nat

134 2375 160 2427 iu
176 2370 337 2427 certationes
350 2369 558 2441 perpetraverint,
583 2368 646 2422 dum
657 2365 765 2420 Uardani
779 2381 826 2420 ruo
836 2367 862 2418 iu
876 2365 929 2420 iio·
979 2368 1052 2438 qnod
1075 2382 1108 2424 et
1118 2382 1173 2423 uno
1185 2368 1280 2424 saltem
1297 2383 1348 2423 ms.
1363 2367 1456 2422 codice
1469 2366 1568 2423 lactum
1588 2365 1674 2424 tuisse

134 2464 292 2519 numscdio
305 2477 402 2516 morem
418 2469 542 2531 gerentes,
553 2459 688 2530 rc'igiouir
699 2468 822 2528 promatur
832 2459 858 2512 in
869 2457 929 2512 iiior
980 2459 1044 2514 dum
1058 2469 1111 2525 est,
1128 2458 1229 2515 Victori
1245 2473 1304 2514 earu
1328 2458 1429 2514 iliteusi
1446 2457 1559 2524 tribuit;
1577 2456 1674 2528 quoda

128 2555 251 2611 vseruirent.
278 2554 346 2608 ilinc
362 2562 418 2608 tam
437 2552 591 2622 trequentes
612 2549 742 2621 deinceps
770 2550 847 2607 luere
870 2549 929 2620 ejus
981 2568 1034 2607 nou
1049 2551 1206 2617 accidisset.
1221 2554 1243 2607 si
1256 2553 1328 2608 illius
1342 2553 1426 2608 eodet
1440 2552 1575 2609 Uticensis
1587 2551 1674 2609 nothe

129 2648 276 2712 editiones,
301 2654 356 2700 tom
371 2645 398 2700 in
417 2642 574 2711 Germania,
591 2651 647 2698 tum
664 2644 692 2697 in
705 2641 803 2709 Gallia,
823 2643 850 2697 iu
869 2641 930 2713 qui·
981 2643 1071 2698 dlriea
1084 2642 1160 2699 urbis
1180 2644 1258 2699 titulo
1282 2642 1376 2699 luisset
1396 2642 1550 2713 insignitus.
1577 2640 1658 2700 Unde

135 2741 185 2794 ltus
210 2736 356 2808 prouinciis
383 2734 569 2791 hereticorum
592 2733 667 2790 lutor
685 2734 802 2790 maxime
823 2744 930 2804 grassa·
981 2734 1231 2790 inscendisset
1257 2734 1342 2800 ltalia,
1359 2731 1504 2789 Germania
1520 2742 1549 2790 et
1568 2731 1658 2790 Gallia

126 2831 223 2886 ‹batnu
982 2840 1064 2881 unum
1077 2827 1244 2895 consentire,
1260 2835 1288 2882 ut
1307 2826 1399 2881 iiictor
1424 2827 1475 2882 iste
1489 2825 1616 2894 vitensis,
1640 2840 1674 2883 tto

164 2920 217 2975 tt'.
233 2920 316 2975 Porro
331 2920 411 2987 buius
425 2918 549 2973 Uictoriae
569 2928 707 2973 auctorem
725 2916 807 2973 luisse
829 2917 931 2987 episco-
981 2916 1071 2973 cessis
1082 2917 1198 2972 dicatur.

138 3011 353 3082 putuitqneuudam
366 3008 533 3075 africanum,
552 3010 662 3064 nomine
677 3008 824 3071 Victorem,
841 3010 885 3063 nul
897 3022 930 3064 us
1018 3012 1050 3065 lt.
1071 3011 1175 3066 Primus
1194 3011 1367 3082 omniumqui
1382 3009 1518 3066 sincerum
1542 3009 1623 3082 hujus
1636 3022 1674 3082 op

135 3119 255 3172 unitatem
278 3102 430 3158 indubium
449 3102 601 3168 recuderim
617 3112 645 3158 at
663 3103 698 3159 de
721 3103 782 3172 ejus
799 3101 864 3158 sede
876 3067 966 3156 nouC
983 3102 1206 3173 tttitsmcorrupit,
1219 3101 1326 3157 uidetur
1341 3100 1424 3157 luisse
1441 3100 1610 3157 Reinbardus
1624 3100 1674 3161 iant

138 3214 187 3251 ιιιιι
204 3197 254 3250 iuit
268 3195 388 3252 orontium
406 3195 550 3251 setttentiu.
575 3195 648 3251 Libri
669 3195 769 3267 quippe
792 3195 868 3260 editi,
885 3198 931 3252 alii
982 3193 1031 3250 tlte
1046 3193 1144 3264 quippe
1164 3208 1235 3248 attno
1260 3193 1329 3250 attat
1344 3193 1464 3248 Coloniae
1483 3192 1607 3250 eamdem
1632 3192 1674 3251 tlte

136 3288 272 3345 Uictorem
288 3287 453 3353 Uticensem,
467 3287 513 3343 abi
528 3287 665 3343 iiiteusetn
683 3288 844 3358 praeierunt3
863 3303 931 3360 prce·
981 3286 1031 3342 surb
1055 3285 1164 3341 Victoria
1186 3287 1276 3356 patries
1303 3285 1430 3342 Uticensis
1454 3288 1563 3343 nasutius
1590 3284 1674 3360 eucig.

138 3381 253 3436 ualuisse
265 3388 354 3435 tamen
368 3378 517 3444 uidebatur,
533 3380 614 3435 etiam
627 3378 698 3450 apud
712 3380 785 3435 siros
798 3380 930 3448 cruditos,
982 3380 1107 3436 tinearum
1123 3380 1233 3452 irritaris,
1249 3378 1342 3450 quibus
1357 3379 1447 3433 arcodi
1466 3379 1608 3442 uidebatur,
1623 3376 1674 3434 uti

139 3487 232 3527 eorutu
246 3472 339 3542 opinio
351 3471 397 3541 qui
415 3469 567 3527 Uticensem
582 3470 764 3540 appellabat,
778 3486 839 3527 curn
855 3473 931 3529 Utica
981 3473 1081 3544 quitur,
1095 3472 1267 3527 uindicatam.
1294 3471 1328 3526 Et
1342 3472 1465 3541 quumvis
1484 3486 1555 3526 atuuo
1571 3468 1639 3527 itit
1654 3468 1674 3526 ti

138 3563 233 3620 civitas
243 3564 368 3618 omnibns
384 3561 548 3618 notioresset
560 3576 640 3633 quam
652 3561 781 3633 vitensis,
792 3578 872 3635 quam
884 3579 932 3620 ne-
981 3565 1064 3623 editio
1078 3565 1187 3621 Parisiis
1196 3563 1267 3636 apud
1279 3562 1419 3619 Galeotum
1434 3563 1602 3633 Pratensem‚
1616 3562 1674 3621 itett

132 3673 185 3714 *mo
211 3657 268 3714 lere
292 3671 414 3714 nouerat.
443 3654 542 3711 ierunt
566 3667 660 3728 postea
685 3671 765 3728 qttam
783 3672 817 3714 ea
835 3660 930 3714 ustitia
981 3655 1099 3714 Victoris
1114 3656 1233 3713 vitensis
1250 3657 1360 3711 nomine
1380 3670 1473 3711 recusa
1494 3654 1593 3723 luerit;
1608 3669 1672 3713 cum

139 3748 264 3805 atrieana
275 3758 443 3816 compertum
457 3746 507 3802 luit
518 3747 652 3803 lictorem
668 3748 824 3821 episcopum
838 3748 932 3805 Viteu·
981 3747 1103 3819 ejusdem
1124 3747 1175 3803 boe
1193 3747 1253 3818 ipso
1276 3762 1346 3802 anno
1364 3747 1449 3802 altera
1472 3747 1589 3803 Loricbii
1608 3747 1674 3806 editi

137 3854 197 3895 sem
209 3838 363 3899 tantoties
389 3837 587 3907 persecutionis
607 3840 773 3910 temporibus
788 3841 815 3897 in
839 3840 930 3897 Airita
982 3839 1098 3894 Victoris
1115 3837 1248 3894 Uticensis
1262 3838 1382 3907 nomine,
1399 3840 1500 3910 pariter
1514 3841 1582 3896 taeta
1598 3839 1674 3901 tusa

140 3931 275 3996 lloruisee,
294 3943 345 3999 qun
368 3938 528 4000 tempestate
548 3928 683 3987 Uticensis
696 3933 860 4004 episeopus,
877 3948 930 3989 non
983 3931 1032 3988 lece
1052 3931 1123 4003 apud
1137 3930 1363 3999 Westbemernm,
1387 3933 1559 4004 placeretque
1579 3933 1674 3991 cuncti

135 4023 244 4091 Uictor,
257 4021 306 4078 sed
319 4020 490 4079 Florentium
511 4021 665 4092 dicebatur,
682 4032 711 4077 ut
724 4039 757 4078 ex
770 4024 864 4079 eadem
883 4041 932 4079 no·
982 4004 1039 4090 ill'a,
1053 4032 1083 4078 ut
1095 4022 1160 4094 ipsis
1174 4022 1327 4090 uidebatur,
1343 4024 1493 4089 restituti03
1508 4024 1571 4080 iude
1581 4023 1674 4081 iaetus

140 4115 198 4172 titis
217 4124 299 4186 patet.
316 4125 379 4171 tune
400 4128 480 4170 nemo
502 4129 556 4170 uota
571 4128 700 4171 assensus
717 4122 761 4170 est
785 4113 930 4184 Victorem,
982 4114 1178 4186 subsequentes
1187 4115 1319 4171 editiones
1333 4131 1438 4181 omues,
1452 4117 1508 4172 site
1531 4117 1558 4171 in
1571 4115 1668 4186 Gallia,

139 4211 261 4280 praeclari
278 4210 505 4281 butiusauctorem
522 4210 624 4279 operis,
647 4208 785 4265 iitensem
805 4225 866 4266 csse
883 4226 932 4281 ap·
981 4208 1137 4273 Germania,
1150 4218 1197 4264 aut
1209 4208 1235 4263 in
1251 4208 1310 4264 aliis
1333 4210 1498 4279 regionibus,
1513 4208 1629 4264 Victoria
1644 4208 1674 4266 Ut

142 4301 305 4371 pellandum.
316 4302 408 4373 iisque
415 4301 521 4358 dureris
530 4300 687 4361 Florentino
700 4301 818 4359 Uticensi
833 4302 860 4358 in
884 4318 932 4360 crt-
983 4314 1081 4356 nornen
1098 4298 1274 4369 praeclarius.
1297 4299 1339 4355 dn
1355 4313 1419 4355 reto
1437 4299 1464 4354 id
1485 4300 1597 4370 proprio
1614 4313 1674 4356 mar

141 4392 203 4447 silio
214 4395 284 4462 apud
296 4393 434 4450 Corsicam
449 4375 586 4450 deiuncta'
599 4392 733 4449 ilietorem
756 4393 826 4451 iorte
849 4393 932 4452 luisse
944 4408 1017 4491 b⁰¹
1038 4393 1139 4449 codicis
1160 4392 1273 4462 alicuius
1295 4393 1359 4447 sitin
1381 4393 1408 4447 id
1435 4392 1600 4449 commiserit
1623 4389 1674 4448 Lot

142 4481 330 4544 substitutum.
345 4485 391 4551 qui
416 4484 487 4543 banc
507 4485 647 4542 bistorlnm
671 4485 855 4558 descripserit.
872 4487 933 4543 lstae
985 4485 1051 4542 turibi
1067 4500 1133 4543 sane
1147 4486 1278 4542 incertum
1292 4495 1349 4542 est:
1362 4485 1485 4556 quamuis
1505 4483 1670 4557 probabiles

142 4572 215 4627 enim
229 4587 311 4627 merae
332 4576 571 4646 suutconjecturce
586 4592 646 4648 quae
660 4577 783 4633 codicum
806 4591 871 4633 mss.
887 4593 934 4634 au·
985 4580 1105 4636 codieern
1127 4579 1210 4651 ipsius
1234 4579 1339 4634 eaeteris
1360 4578 1473 4635 similem
1496 4580 1590 4647 luisse,
1617 4576 1674 4651 idqu

142 4663 261 4720 ctoritati
284 4665 430 4732 praeualere
452 4683 618 4739 nequaquam
648 4680 770 4741 possunt,
785 4673 934 4742 presertim
985 4672 1111 4743 conjicio,
1125 4672 1196 4743 quod
1218 4673 1289 4726 bunc
1311 4679 1449 4727 auctorem
1467 4670 1594 4725 Victorem
1613 4679 1674 4741 petr

142 4772 204 4813 cum
218 4755 354 4827 episcopis
370 4766 434 4813 tunc
446 4757 579 4815 deiunctis
594 4761 682 4817 nullos
700 4763 768 4819 alios
784 4763 811 4819 ia
831 4763 873 4820 bie
891 4774 934 4820 tu·
985 4768 1065 4821 ceasia
1084 4766 1232 4834 episcopum
1249 4765 1376 4836 appellet,
1392 4772 1420 4819 ut
1439 4763 1532 4820 caeteri
1551 4771 1674 4821 nostrum

143 4849 270 4905 moltibus
293 4849 376 4906 luisse
386 4849 548 4907 substitutos
558 4865 685 4911 constare
700 4855 833 4912 rideatur.
849 4856 934 4913 Porro
986 4873 1044 4914 rern
1068 4859 1159 4928 patric
1182 4856 1301 4912 Vitcurir.
1318 4857 1351 4912 Et
1362 4856 1469 4927 quidem
1492 4856 1582 4927 patric
1595 4870 1648 4912 ros
1667 4872 1674 4912 ι

141 4941 189 5012 qui
205 4941 338 4999 Victorem
358 4943 512 5000 Uticensem
522 4960 573 5019 pro
587 4944 692 5003 Vitensi
708 4949 884 5019 intruserunt,
906 4952 933 5007 id
987 4951 1066 5006 alicui
1079 4952 1189 5021 integra
1207 4949 1302 5007 melius
1316 4964 1396 5021 quam
1412 4950 1470 5006 urbi
1488 4948 1674 5020 nobilissima,

142 5033 337 5091 commiserant
362 5051 396 5092 es
410 5037 580 5108 ignoratione
605 5040 679 5097 sedis
697 5040 829 5113 vitensis,
857 5044 934 5115 cujus
987 5053 1045 5099 erat
1061 5043 1147 5109 Utica,
1157 5052 1310 5114 competere
1326 5043 1440 5100 ridetur.
1453 5041 1589 5099 Victorem
1601 5041 1674 5098 erum

143 5127 204 5182 loco
217 5124 370 5184 Uticensem
385 5127 437 5185 sibi
457 5140 549 5186 notam
570 5132 779 5202 substituerunt,
807 5136 932 5192 mendum
989 5134 1104 5190 llitnnsis
1116 5133 1272 5205 episcopum
1286 5136 1386 5191 dictum
1413 5134 1497 5192 luisse
1514 5135 1591 5191 luciis
1604 5133 1674 5191 credi

144 5221 172 5275 iu
187 5219 306 5290 antiquis
328 5220 527 5289 exemplaribus
552 5223 696 5297 irrepsisse
722 5229 868 5300 suspicati;
884 5231 933 5286 sed
988 5227 1059 5300 quod
1080 5242 1140 5284 cum
1160 5228 1186 5282 iu
1210 5228 1282 5284 illius
1295 5228 1405 5286 dioecesi
1422 5227 1494 5285 nulia
1514 5238 1586 5284 esset
1606 5224 1673 5284 urbs

140 5312 239 5368 eadem
254 5327 349 5371 nocuum
359 5312 489 5369 uiduitate
502 5330 554 5384 qua
579 5317 648 5375 alios
666 5318 775 5376 delusos
787 5320 936 5379 luisseeai-
987 5321 1099 5391 alicuius
1119 5334 1208 5390 paruae
1225 5321 1342 5392 regionis
1355 5321 1499 5393 episeopus
1517 5320 1669 5377 dicebatur.

139 5405 299 5474 stimabant,
323 5421 383 5464 sese
407 5406 456 5478 ipsi
485 5406 652 5465 deluserunt.
680 5411 776 5470 lierito
803 5414 893 5484 itaque
919 5428 934 5470 a
986 5413 1143 5469 blarmatica
1158 5413 1441 5483 totiproriuciaeunus
1456 5417 1674 5487 episcopuspreet

145 5494 223 5551 Petro
238 5496 380 5556 Fratueisco
392 5498 526 5555 Cbiilletio
544 5500 573 5558 S.
589 5500 615 5557 i.
640 5503 809 5576 presbytero,
831 5506 934 5562 lictori
986 5521 1037 5577 quo
1051 5520 1112 5562 cum
1136 5522 1190 5562 uon
1204 5506 1389 5564 essetuiuitas
1407 5508 1551 5565 admodum
1574 5509 1674 5565 celebri

145 5583 248 5642 i'iteusi
263 5591 400 5663 episcopo,
414 5601 540 5664 tanquam
555 5604 604 5648 suo
618 5607 684 5648 tero
701 5609 733 5651 ac
747 5594 868 5666 legitimo
885 5611 933 5651 au·
986 5605 1143 5653 caeterarum
1155 5607 1303 5668 caputesse
1314 5611 1473 5669 mercretur,
1486 5601 1630 5671 episcopus
1641 5615 1674 5655 uu

143 5677 225 5737 etati.
247 5679 361 5736 ilistoriu
382 5682 514 5742 Africanae
529 5684 723 5755 persecutionis
738 5690 860 5742 restituta
879 5696 931 5744 est.
985 5706 1056 5748 nuuc
1072 5690 1125 5747 illic
1146 5692 1238 5748 sedent
1258 5690 1370 5762 itabens,
1388 5696 1469 5749 totius
1493 5694 1610 5763 rugi··nis
1636 5696 1674 5764 ep
