<?xml version="1.0" encoding="UTF-8"?>
<!DOCTYPE html PUBLIC "-//W3C//DTD XHTML 1.0 Transitional//EN"
    "http://www.w3.org/TR/xhtml1/DTD/xhtml1-transitional.dtd">
<html xmlns="http://www.w3.org/1999/xhtml" xml:lang="en" lang="en">
 <head>
  <title>
</title>
<meta http-equiv="Content-Type" content="text/html;charset=utf-8" />
  <meta name='ocr-system' content='tesseract 3.04.00' />
  <meta name='ocr-capabilities' content='ocr_page ocr_carea ocr_par ocr_line ocrx_word'/>
</head>
<body>
  <div class='ocr_page' id='page_1' title='image "./patrologiaecurs102unkngoog_0411.png"; bbox 0 0 3788 6120; ppageno 0'>
   <div class='ocr_carea' id='block_1_1' title="bbox 523 212 1607 300">
    <p class='ocr_par' dir='ltr' id='par_1_1' title="bbox 523 212 1607 300">
     <span class='ocr_line' id='line_1_1' title="bbox 523 212 1607 300; baseline -0.022 -5"><span class='ocrx_word' id='word_1_1' title='bbox 523 238 568 294; x_wconf 81' lang='lat' dir='ltr'><strong>be</strong></span> <span class='ocrx_word' id='word_1_2' title='bbox 586 235 714 294; x_wconf 72' lang='lat' dir='ltr'><strong>etiem</strong></span> <span class='ocrx_word' id='word_1_3' title='bbox 735 231 806 300; x_wconf 77' lang='lat' dir='ltr'><strong>etit,</strong></span> <span class='ocrx_word' id='word_1_4' title='bbox 830 231 917 297; x_wconf 74' lang='lat' dir='ltr'><strong>ete,</strong></span> <span class='ocrx_word' id='word_1_5' title='bbox 938 230 1001 284; x_wconf 81' lang='lat' dir='ltr'><strong>tte.</strong></span> <span class='ocrx_word' id='word_1_6' title='bbox 1022 226 1053 282; x_wconf 86' lang='lat' dir='ltr'><strong>ll.</strong></span> <span class='ocrx_word' id='word_1_7' title='bbox 1555 212 1607 272; x_wconf 79' lang='lat' dir='ltr'><strong>tet</strong></span> 
     </span>
    </p>
   </div>
   <div class='ocr_carea' id='block_1_2' title="bbox 105 327 1641 5109">
    <p class='ocr_par' dir='ltr' id='par_1_2' title="bbox 105 327 1641 5109">
     <span class='ocr_line' id='line_1_2' title="bbox 105 327 1609 422; baseline -0.014 -11"><span class='ocrx_word' id='word_1_8' title='bbox 105 362 121 410; x_wconf 79' lang='lat' dir='ltr'><strong>tt</strong></span> <span class='ocrx_word' id='word_1_9' title='bbox 130 353 236 411; x_wconf 79' lang='lat' dir='ltr'><strong>scribas</strong></span> <span class='ocrx_word' id='word_1_10' title='bbox 245 353 363 418; x_wconf 82' lang='lat' dir='ltr'><strong>audiant,</strong></span> <span class='ocrx_word' id='word_1_11' title='bbox 372 361 394 406; x_wconf 88' lang='lat' dir='ltr'><strong>et</strong></span> <span class='ocrx_word' id='word_1_12' title='bbox 403 350 479 406; x_wconf 85' lang='lat' dir='ltr'><strong>corde</strong></span> <span class='ocrx_word' id='word_1_13' title='bbox 488 351 631 422; x_wconf 76' lang='lat' dir='ltr'><strong>intelttpant</strong></span> <span class='ocrx_word' id='word_1_14' title='bbox 638 367 648 416; x_wconf 89' lang='lat'><em>;</em></span> <span class='ocrx_word' id='word_1_15' title='bbox 659 365 765 404; x_wconf 71' lang='lat' dir='ltr'><strong>corion·</strong></span> <span class='ocrx_word' id='word_1_16' title='bbox 778 358 805 417; x_wconf 65' lang='grc' dir='ltr'>Α</span> <span class='ocrx_word' id='word_1_17' title='bbox 817 355 845 401; x_wconf 87' lang='grc' dir='ltr'><strong>ει</strong></span> <span class='ocrx_word' id='word_1_18' title='bbox 858 343 1010 401; x_wconf 81' lang='lat' dir='ltr'><strong>ludaeorum</strong></span> <span class='ocrx_word' id='word_1_19' title='bbox 1020 327 1420 411; x_wconf 70' lang='lat' dir='ltr'><strong>praesumptionenromnirnodo</strong></span> <span class='ocrx_word' id='word_1_20' title='bbox 1430 333 1609 402; x_wconf 75' lang='lat' dir='ltr'><strong>comprimere</strong></span> 
     </span>
     <span class='ocr_line' id='line_1_3' title="bbox 112 430 1611 515; baseline -0.013 -12"><span class='ocrx_word' id='word_1_21' title='bbox 112 462 199 503; x_wconf 73' lang='lat' dir='ltr'><strong>meos</strong></span> <span class='ocrx_word' id='word_1_22' title='bbox 209 462 250 501; x_wconf 85' lang='lat' dir='ltr'><strong>eor</strong></span> <span class='ocrx_word' id='word_1_23' title='bbox 262 443 352 515; x_wconf 80' lang='lat' dir='ltr'><strong>(ioan.</strong></span> <span class='ocrx_word' id='word_1_24' title='bbox 364 443 425 514; x_wconf 76' lang='lat' dir='ltr'><strong>an),</strong></span> <span class='ocrx_word' id='word_1_25' title='bbox 435 459 468 499; x_wconf 90' lang='lat' dir='ltr'><strong>ne</strong></span> <span class='ocrx_word' id='word_1_26' title='bbox 482 443 584 512; x_wconf 89' lang='lat' dir='ltr'><strong>possint</strong></span> <span class='ocrx_word' id='word_1_27' title='bbox 594 443 713 498; x_wconf 80' lang='lat' dir='ltr'><strong>converti</strong></span> <span class='ocrx_word' id='word_1_28' title='bbox 726 450 766 496; x_wconf 86' lang='lat' dir='ltr'><strong>at·</strong></span> <span class='ocrx_word' id='word_1_29' title='bbox 817 438 942 504; x_wconf 88' lang='lat' dir='ltr'><strong>studeat,</strong></span> <span class='ocrx_word' id='word_1_30' title='bbox 956 436 1003 506; x_wconf 81' lang='lat' dir='ltr'><strong>qui</strong></span> <span class='ocrx_word' id='word_1_31' title='bbox 1026 433 1148 503; x_wconf 88' lang='lat' dir='ltr'><strong>irnprobc</strong></span> <span class='ocrx_word' id='word_1_32' title='bbox 1166 433 1201 487; x_wconf 88' lang='lat' dir='ltr'><strong>dc</strong></span> <span class='ocrx_word' id='word_1_33' title='bbox 1220 432 1286 502; x_wconf 74' lang='lat' dir='ltr'><strong>legis</strong></span> <span class='ocrx_word' id='word_1_34' title='bbox 1299 432 1425 502; x_wconf 88' lang='lat' dir='ltr'><strong>operibus</strong></span> <span class='ocrx_word' id='word_1_35' title='bbox 1447 430 1611 485; x_wconf 87' lang='lat' dir='ltr'><strong>intumesce-</strong></span> 
     </span>
     <span class='ocr_line' id='line_1_4' title="bbox 105 522 1609 610; baseline -0.013 -14"><span class='ocrx_word' id='word_1_36' title='bbox 105 540 135 610; x_wconf 91' lang='lat' dir='ltr'><strong>ri,</strong></span> <span class='ocrx_word' id='word_1_37' title='bbox 142 537 265 596; x_wconf 88' lang='lat' dir='ltr'><strong>obdurati</strong></span> <span class='ocrx_word' id='word_1_38' title='bbox 275 537 364 595; x_wconf 89' lang='lat' dir='ltr'><strong>cordis</strong></span> <span class='ocrx_word' id='word_1_39' title='bbox 375 538 467 592; x_wconf 80' lang='lat' dir='ltr'><strong>vitium</strong></span> <span class='ocrx_word' id='word_1_40' title='bbox 476 546 503 592; x_wconf 92' lang='lat' dir='ltr'><strong>et</strong></span> <span class='ocrx_word' id='word_1_41' title='bbox 513 551 589 606; x_wconf 75' lang='lat' dir='ltr'><strong>prena</strong></span> <span class='ocrx_word' id='word_1_42' title='bbox 599 535 701 605; x_wconf 89' lang='lat' dir='ltr'><strong>peccati</strong></span> <span class='ocrx_word' id='word_1_43' title='bbox 712 539 764 589; x_wconf 89' lang='lat' dir='ltr'><strong>est.</strong></span> <span class='ocrx_word' id='word_1_44' title='bbox 818 530 893 594; x_wconf 87' lang='lat' dir='ltr'><strong>bant,</strong></span> <span class='ocrx_word' id='word_1_45' title='bbox 910 542 963 582; x_wconf 87' lang='lat' dir='ltr'><strong>rroe</strong></span> <span class='ocrx_word' id='word_1_46' title='bbox 979 529 1006 582; x_wconf 89' lang='lat' dir='ltr'><strong>in</strong></span> <span class='ocrx_word' id='word_1_47' title='bbox 1020 526 1122 596; x_wconf 78' lang='lat' dir='ltr'><strong>origiue</strong></span> <span class='ocrx_word' id='word_1_48' title='bbox 1136 526 1272 580; x_wconf 89' lang='lat' dir='ltr'><strong>seniorum</strong></span> <span class='ocrx_word' id='word_1_49' title='bbox 1288 524 1400 581; x_wconf 86' lang='lat' dir='ltr'><strong>ismaele</strong></span> <span class='ocrx_word' id='word_1_50' title='bbox 1415 523 1457 579; x_wconf 84' lang='lat' dir='ltr'><strong>rei</strong></span> <span class='ocrx_word' id='word_1_51' title='bbox 1474 522 1551 578; x_wconf 79' lang='lat' dir='ltr'><strong>Esau·</strong></span> <span class='ocrx_word' id='word_1_52' title='bbox 1563 523 1609 576; x_wconf 92' lang='lat' dir='ltr'><strong>de·</strong></span> 
     </span>
     <span class='ocr_line' id='line_1_5' title="bbox 105 613 1613 703; baseline -0.016 -13"><span class='ocrx_word' id='word_1_53' title='bbox 105 638 315 703; x_wconf 62' lang='lat' dir='ltr'><strong>Lt,coaoertantar</strong></span> <span class='ocrx_word' id='word_1_54' title='bbox 322 640 345 686; x_wconf 88' lang='lat' dir='ltr'><strong>et</strong></span> <span class='ocrx_word' id='word_1_55' title='bbox 353 646 438 686; x_wconf 85' lang='lat' dir='ltr'><strong>sanent</strong></span> <span class='ocrx_word' id='word_1_56' title='bbox 446 628 564 684; x_wconf 71' lang='lat' dir='ltr'><strong>sardion</strong></span> <span class='ocrx_word' id='word_1_57' title='bbox 574 627 616 684; x_wconf 89' lang='lat' dir='ltr'><strong>bie</strong></span> <span class='ocrx_word' id='word_1_58' title='bbox 624 627 766 683; x_wconf 89' lang='lat' dir='ltr'><strong>sanitatem</strong></span> <span class='ocrx_word' id='word_1_59' title='bbox 818 628 920 676; x_wconf 85' lang='lat' dir='ltr'><strong>cr&#39;ctnnr</strong></span> <span class='ocrx_word' id='word_1_60' title='bbox 936 619 1016 674; x_wconf 88' lang='lat' dir='ltr'><strong>tatale</strong></span> <span class='ocrx_word' id='word_1_61' title='bbox 1031 617 1181 682; x_wconf 88' lang='lat' dir='ltr'><strong>constituit,</strong></span> <span class='ocrx_word' id='word_1_62' title='bbox 1196 615 1283 671; x_wconf 90' lang='lat' dir='ltr'><strong>sedin</strong></span> <span class='ocrx_word' id='word_1_63' title='bbox 1300 615 1487 671; x_wconf 80' lang='lat' dir='ltr'><strong>berredtntono</strong></span> <span class='ocrx_word' id='word_1_64' title='bbox 1498 613 1571 668; x_wconf 84' lang='lat' dir='ltr'><strong>lsaac</strong></span> <span class='ocrx_word' id='word_1_65' title='bbox 1582 623 1613 666; x_wconf 89' lang='lat' dir='ltr'><strong>et</strong></span> 
     </span>
     <span class='ocr_line' id='line_1_6' title="bbox 107 707 1612 796; baseline -0.013 -18"><span class='ocrx_word' id='word_1_66' title='bbox 107 740 130 781; x_wconf 83' lang='lat' dir='ltr'><strong>a</strong></span> <span class='ocrx_word' id='word_1_67' title='bbox 155 724 292 796; x_wconf 83' lang='lat' dir='ltr'><strong>denegat,</strong></span> <span class='ocrx_word' id='word_1_68' title='bbox 315 723 362 778; x_wconf 91' lang='lat' dir='ltr'><strong>sed</strong></span> <span class='ocrx_word' id='word_1_69' title='bbox 387 721 601 778; x_wconf 68' lang='lat' dir='ltr'>contradicentes</span> <span class='ocrx_word' id='word_1_70' title='bbox 620 733 649 775; x_wconf 92' lang='lat' dir='ltr'><strong>se</strong></span> <span class='ocrx_word' id='word_1_71' title='bbox 671 732 768 773; x_wconf 83' lang='lat' dir='ltr'><strong>sanare</strong></span> <span class='ocrx_word' id='word_1_72' title='bbox 818 707 1612 780; x_wconf 79' lang='lat' dir='ltr'><strong>iacobelectioncrapopulimirrorisostendit,etpropterea</strong></span> 
     </span>
     <span class='ocr_line' id='line_1_7' title="bbox 110 799 1614 884; baseline -0.014 -9"><span class='ocrx_word' id='word_1_73' title='bbox 110 827 164 884; x_wconf 84' lang='lat' dir='ltr'><strong>est,</strong></span> <span class='ocrx_word' id='word_1_74' title='bbox 174 832 228 873; x_wconf 85' lang='lat' dir='ltr'><strong>uon</strong></span> <span class='ocrx_word' id='word_1_75' title='bbox 238 815 336 872; x_wconf 90' lang='lat' dir='ltr'><strong>debere</strong></span> <span class='ocrx_word' id='word_1_76' title='bbox 348 812 510 884; x_wconf 75' lang='lat' dir='ltr'><strong>pronuntiat.</strong></span> <span class='ocrx_word' id='word_1_77' title='bbox 521 809 763 867; x_wconf 78' lang='lat' dir='ltr'><strong>ddconlerendnm</strong></span> <span class='ocrx_word' id='word_1_78' title='bbox 821 805 951 860; x_wconf 82' lang='lat' dir='ltr'><strong>minorem</strong></span> <span class='ocrx_word' id='word_1_79' title='bbox 973 803 1066 873; x_wconf 76' lang='lat' dir='ltr'><strong>arciori</strong></span> <span class='ocrx_word' id='word_1_80' title='bbox 1085 817 1138 857; x_wconf 92' lang='lat' dir='ltr'><strong>non</strong></span> <span class='ocrx_word' id='word_1_81' title='bbox 1154 802 1226 857; x_wconf 88' lang='lat' dir='ltr'><strong>relnt</strong></span> <span class='ocrx_word' id='word_1_82' title='bbox 1238 801 1355 871; x_wconf 88' lang='lat' dir='ltr'><strong>potentia</strong></span> <span class='ocrx_word' id='word_1_83' title='bbox 1370 801 1431 866; x_wconf 86' lang='lat' dir='ltr'><strong>bei,</strong></span> <span class='ocrx_word' id='word_1_84' title='bbox 1442 800 1489 855; x_wconf 91' lang='lat' dir='ltr'><strong>sed</strong></span> <span class='ocrx_word' id='word_1_85' title='bbox 1505 814 1555 871; x_wconf 93' lang='lat' dir='ltr'><strong>pro</strong></span> <span class='ocrx_word' id='word_1_86' title='bbox 1572 799 1614 869; x_wconf 77' lang='lat' dir='ltr'><strong>ju·</strong></span> 
     </span>
     <span class='ocr_line' id='line_1_8' title="bbox 105 889 1612 981; baseline -0.015 -14"><span class='ocrx_word' id='word_1_87' title='bbox 105 925 130 967; x_wconf 88' lang='lat' dir='ltr'><strong>nt</strong></span> <span class='ocrx_word' id='word_1_88' title='bbox 148 907 348 981; x_wconf 87' lang='lat' dir='ltr'><strong>promptissima</strong></span> <span class='ocrx_word' id='word_1_89' title='bbox 361 915 402 961; x_wconf 87' lang='lat' dir='ltr'><strong>est</strong></span> <span class='ocrx_word' id='word_1_90' title='bbox 418 904 524 961; x_wconf 88' lang='lat' dir='ltr'><strong>bonitas</strong></span> <span class='ocrx_word' id='word_1_91' title='bbox 537 901 652 970; x_wconf 86' lang='lat' dir='ltr'><strong>medici,</strong></span> <span class='ocrx_word' id='word_1_92' title='bbox 666 901 713 956; x_wconf 92' lang='lat' dir='ltr'><strong>sed</strong></span> <span class='ocrx_word' id='word_1_93' title='bbox 729 900 770 955; x_wconf 91' lang='lat' dir='ltr'><strong>irr-</strong></span> <span class='ocrx_word' id='word_1_94' title='bbox 821 895 893 952; x_wconf 88' lang='lat' dir='ltr'><strong>stitia</strong></span> <span class='ocrx_word' id='word_1_95' title='bbox 912 894 1040 966; x_wconf 78' lang='lat' dir='ltr'><strong>pretulit.</strong></span> <span class='ocrx_word' id='word_1_96' title='bbox 1053 893 1166 949; x_wconf 78' lang='lat' dir='ltr'>Perinde</span> <span class='ocrx_word' id='word_1_97' title='bbox 1180 893 1251 948; x_wconf 86' lang='lat' dir='ltr'><strong>euim</strong></span> <span class='ocrx_word' id='word_1_98' title='bbox 1265 891 1429 960; x_wconf 73' lang='lat' dir='ltr'><strong>impietatem</strong></span> <span class='ocrx_word' id='word_1_99' title='bbox 1444 889 1612 953; x_wconf 67' lang='lat' dir='ltr'><strong>iudeorum,</strong></span> 
     </span>
     <span class='ocr_line' id='line_1_9' title="bbox 105 981 1615 1064; baseline -0.013 -8"><span class='ocrx_word' id='word_1_100' title='bbox 105 999 156 1057; x_wconf 84' lang='lat' dir='ltr'><strong>etia</strong></span> <span class='ocrx_word' id='word_1_101' title='bbox 169 997 329 1056; x_wconf 74' lang='lat' dir='ltr'>contradicit</span> <span class='ocrx_word' id='word_1_102' title='bbox 347 996 458 1052; x_wconf 88' lang='lat' dir='ltr'><strong>inlirnti.</strong></span> <span class='ocrx_word' id='word_1_103' title='bbox 474 995 540 1051; x_wconf 80' lang='lat' dir='ltr'><strong>Naue</strong></span> <span class='ocrx_word' id='word_1_104' title='bbox 556 994 602 1064; x_wconf 88' lang='lat' dir='ltr'><strong>qui</strong></span> <span class='ocrx_word' id='word_1_105' title='bbox 615 995 651 1048; x_wconf 88' lang='lat' dir='ltr'><strong>ita</strong></span> <span class='ocrx_word' id='word_1_106' title='bbox 673 991 772 1048; x_wconf 89' lang='lat' dir='ltr'><strong>intelli·</strong></span> <span class='ocrx_word' id='word_1_107' title='bbox 822 989 892 1045; x_wconf 87' lang='lat' dir='ltr'><strong>sicot</strong></span> <span class='ocrx_word' id='word_1_108' title='bbox 916 986 1096 1047; x_wconf 84' lang='lat' dir='ltr'><strong>obedientiam</strong></span> <span class='ocrx_word' id='word_1_109' title='bbox 1120 986 1241 1057; x_wconf 80' lang='lat' dir='ltr'><strong>gentium</strong></span> <span class='ocrx_word' id='word_1_110' title='bbox 1264 983 1438 1054; x_wconf 77' lang='lat' dir='ltr'><strong>previdebat.</strong></span> <span class='ocrx_word' id='word_1_111' title='bbox 1464 981 1531 1050; x_wconf 77' lang='lat' dir='ltr'><strong>Quia</strong></span> <span class='ocrx_word' id='word_1_112' title='bbox 1549 998 1615 1051; x_wconf 71' lang='lat' dir='ltr'><strong>ergo</strong></span> 
     </span>
     <span class='ocr_line' id='line_1_10' title="bbox 115 1076 1616 1165; baseline -0.013 -17"><span class='ocrx_word' id='word_1_113' title='bbox 115 1097 212 1165; x_wconf 86' lang='lat' dir='ltr'><strong>putat,</strong></span> <span class='ocrx_word' id='word_1_114' title='bbox 239 1088 312 1160; x_wconf 87' lang='lat' dir='ltr'><strong>quod</strong></span> <span class='ocrx_word' id='word_1_115' title='bbox 328 1101 375 1144; x_wconf 91' lang='lat' dir='ltr'><strong>eos</strong></span> <span class='ocrx_word' id='word_1_116' title='bbox 395 1101 491 1143; x_wconf 85' lang='lat' dir='ltr'><strong>sanare</strong></span> <span class='ocrx_word' id='word_1_117' title='bbox 506 1086 638 1154; x_wconf 90' lang='lat' dir='ltr'><strong>noluerit,</strong></span> <span class='ocrx_word' id='word_1_118' title='bbox 657 1082 772 1140; x_wconf 88' lang='lat' dir='ltr'><strong>absoirit</strong></span> <span class='ocrx_word' id='word_1_119' title='bbox 822 1080 911 1136; x_wconf 89' lang='lat' dir='ltr'><strong>dicit:</strong></span> <span class='ocrx_word' id='word_1_120' title='bbox 932 1078 997 1135; x_wconf 79' lang='lat' dir='ltr'><strong>dam</strong></span> <span class='ocrx_word' id='word_1_121' title='bbox 1018 1079 1085 1133; x_wconf 82' lang='lat' dir='ltr'><strong>mim</strong></span> <span class='ocrx_word' id='word_1_122' title='bbox 1107 1079 1222 1132; x_wconf 85' lang='lat' dir='ltr'><strong>nondam</strong></span> <span class='ocrx_word' id='word_1_123' title='bbox 1240 1081 1349 1148; x_wconf 68' lang='lat' dir='ltr'><strong>spirent</strong></span> <span class='ocrx_word' id='word_1_124' title='bbox 1363 1077 1422 1131; x_wconf 85' lang='lat' dir='ltr'><strong>boni</strong></span> <span class='ocrx_word' id='word_1_125' title='bbox 1447 1076 1548 1146; x_wconf 67' lang='lat' dir='ltr'><strong>atssan&#39;d</strong></span> <span class='ocrx_word' id='word_1_126' title='bbox 1571 1085 1616 1129; x_wconf 82' lang='lat' dir='ltr'><strong>rrnt</strong></span> 
     </span>
     <span class='ocr_line' id='line_1_11' title="bbox 105 1169 1616 1246; baseline -0.012 -6"><span class='ocrx_word' id='word_1_127' title='bbox 105 1191 159 1240; x_wconf 84' lang='lat' dir='ltr'><strong>tet</strong></span> <span class='ocrx_word' id='word_1_128' title='bbox 171 1181 285 1238; x_wconf 69' lang='lat' dir='ltr'><strong>darmnat&#39;</strong></span> <span class='ocrx_word' id='word_1_129' title='bbox 303 1189 452 1236; x_wconf 85' lang='lat' dir='ltr'><strong>auctorem.</strong></span> <span class='ocrx_word' id='word_1_130' title='bbox 469 1177 562 1234; x_wconf 87' lang='lat' dir='ltr'><strong>Nullus</strong></span> <span class='ocrx_word' id='word_1_131' title='bbox 574 1189 640 1246; x_wconf 71' lang='lat' dir='ltr'><strong>ergo</strong></span> <span class='ocrx_word' id='word_1_132' title='bbox 649 1175 771 1232; x_wconf 86' lang='lat' dir='ltr'><strong>excludi·</strong></span> <span class='ocrx_word' id='word_1_133' title='bbox 824 1169 897 1236; x_wconf 72' lang='lat' dir='ltr'><strong>merli,</strong></span> <span class='ocrx_word' id='word_1_134' title='bbox 908 1187 1000 1226; x_wconf 67' lang='lat' dir='ltr'><strong>nona</strong></span> <span class='ocrx_word' id='word_1_135' title='bbox 1011 1171 1145 1241; x_wconf 83' lang='lat' dir='ltr'><strong>operibns,</strong></span> <span class='ocrx_word' id='word_1_136' title='bbox 1160 1171 1205 1224; x_wconf 88' lang='lat' dir='ltr'><strong>aed</strong></span> <span class='ocrx_word' id='word_1_137' title='bbox 1217 1186 1249 1224; x_wconf 82' lang='lat' dir='ltr'><strong>ea</strong></span> <span class='ocrx_word' id='word_1_138' title='bbox 1259 1177 1363 1224; x_wconf 84' lang='lat' dir='ltr'><strong>rorante</strong></span> <span class='ocrx_word' id='word_1_139' title='bbox 1373 1170 1469 1222; x_wconf 85' lang='lat' dir='ltr'><strong>dictam</strong></span> <span class='ocrx_word' id='word_1_140' title='bbox 1483 1179 1536 1235; x_wconf 85' lang='lat' dir='ltr'><strong>eat,</strong></span> <span class='ocrx_word' id='word_1_141' title='bbox 1556 1170 1616 1238; x_wconf 81' lang='lat' dir='ltr'><strong>quia</strong></span> 
     </span>
     <span class='ocr_line' id='line_1_12' title="bbox 105 1261 1616 1342; baseline -0.003 -22"><span class='ocrx_word' id='word_1_142' title='bbox 105 1273 201 1329; x_wconf 69' lang='lat' dir='ltr'><strong>eenriis</strong></span> <span class='ocrx_word' id='word_1_143' title='bbox 216 1272 280 1339; x_wconf 64' lang='lat' dir='ltr'><strong>Dei,</strong></span> <span class='ocrx_word' id='word_1_144' title='bbox 294 1270 339 1342; x_wconf 87' lang='lat' dir='ltr'><strong>qui</strong></span> <span class='ocrx_word' id='word_1_145' title='bbox 356 1271 469 1341; x_wconf 86' lang='lat' dir='ltr'><strong>ptitnuttt</strong></span> <span class='ocrx_word' id='word_1_146' title='bbox 483 1270 517 1324; x_wconf 79' lang='lat' dir='ltr'><strong>de</strong></span> <span class='ocrx_word' id='word_1_147' title='bbox 530 1269 658 1339; x_wconf 78' lang='lat' dir='ltr'><strong>neglectis</strong></span> <span class='ocrx_word' id='word_1_148' title='bbox 673 1266 773 1322; x_wconf 82' lang='lat' dir='ltr'><strong>berneli-</strong></span> <span class='ocrx_word' id='word_1_149' title='bbox 824 1262 908 1332; x_wconf 80' lang='lat' dir='ltr'><strong>ntay&#39;or</strong></span> <span class='ocrx_word' id='word_1_150' title='bbox 921 1263 1009 1317; x_wconf 63' lang='lat' dir='ltr'><strong>uteie</strong></span> <span class='ocrx_word' id='word_1_151' title='bbox 1025 1263 1127 1327; x_wconf 75' lang='lat' dir='ltr'><strong>mireari,</strong></span> <span class='ocrx_word' id='word_1_152' title='bbox 1141 1276 1175 1316; x_wconf 82' lang='lat' dir='ltr'><strong>ex</strong></span> <span class='ocrx_word' id='word_1_153' title='bbox 1194 1271 1307 1317; x_wconf 83' lang='lat' dir='ltr'><strong>vocante</strong></span> <span class='ocrx_word' id='word_1_154' title='bbox 1321 1261 1428 1332; x_wconf 83' lang='lat' dir='ltr'><strong>quidem</strong></span> <span class='ocrx_word' id='word_1_155' title='bbox 1444 1262 1544 1317; x_wconf 76' lang='lat' dir='ltr'><strong>derum</strong></span> <span class='ocrx_word' id='word_1_156' title='bbox 1562 1269 1616 1327; x_wconf 79' lang='lat' dir='ltr'><strong>esi,</strong></span> 
     </span>
     <span class='ocr_line' id='line_1_13' title="bbox 105 1354 1617 1428; baseline -0.008 -6"><span class='ocrx_word' id='word_1_157' title='bbox 105 1362 204 1422; x_wconf 86' lang='lat' dir='ltr'><strong>candos</strong></span> <span class='ocrx_word' id='word_1_158' title='bbox 216 1372 270 1418; x_wconf 88' lang='lat' dir='ltr'><strong>est.</strong></span> <span class='ocrx_word' id='word_1_159' title='bbox 703 1372 705 1376; x_wconf 74' lang='grc'>’</span> <span class='ocrx_word' id='word_1_160' title='bbox 827 1374 879 1413; x_wconf 93' lang='lat' dir='ltr'><strong>non</strong></span> <span class='ocrx_word' id='word_1_161' title='bbox 892 1369 981 1414; x_wconf 88' lang='lat' dir='ltr'><strong>tamen</strong></span> <span class='ocrx_word' id='word_1_162' title='bbox 995 1357 1029 1413; x_wconf 91' lang='lat' dir='ltr'><strong>ad</strong></span> <span class='ocrx_word' id='word_1_163' title='bbox 1044 1358 1247 1428; x_wconf 74' lang='lat' dir='ltr'><strong>mnrpellendos</strong></span> <span class='ocrx_word' id='word_1_164' title='bbox 1262 1357 1302 1411; x_wconf 85' lang='lat' dir='ltr'><strong>rel</strong></span> <span class='ocrx_word' id='word_1_165' title='bbox 1318 1356 1504 1425; x_wconf 87' lang='lat' dir='ltr'><strong>repellendos,</strong></span> <span class='ocrx_word' id='word_1_166' title='bbox 1517 1355 1563 1411; x_wconf 90' lang='lat' dir='ltr'><strong>scd</strong></span> <span class='ocrx_word' id='word_1_167' title='bbox 1583 1354 1617 1410; x_wconf 87' lang='lat' dir='ltr'><strong>ad</strong></span> 
     </span>
     <span class='ocr_line' id='line_1_14' title="bbox 290 1447 1616 1509; baseline -0.005 -1"><span class='ocrx_word' id='word_1_168' title='bbox 290 1451 402 1509; x_wconf 72' lang='lat' dir='ltr'>CAPUT</span> <span class='ocrx_word' id='word_1_169' title='bbox 424 1451 466 1506; x_wconf 87' lang='lat' dir='ltr'><strong>vt.</strong></span> <span class='ocrx_word' id='word_1_170' title='bbox 825 1449 952 1505; x_wconf 85' lang='lat' dir='ltr'><strong>creditur·</strong></span> <span class='ocrx_word' id='word_1_171' title='bbox 965 1464 978 1503; x_wconf 84' lang='lat' dir='ltr'><strong>a</strong></span> <span class='ocrx_word' id='word_1_172' title='bbox 989 1457 1016 1504; x_wconf 92' lang='lat' dir='ltr'><strong>et</strong></span> <span class='ocrx_word' id='word_1_173' title='bbox 1029 1465 1083 1503; x_wconf 92' lang='lat' dir='ltr'><strong>non</strong></span> <span class='ocrx_word' id='word_1_174' title='bbox 1099 1447 1250 1503; x_wconf 83' lang='lat' dir='ltr'><strong>credituros</strong></span> <span class='ocrx_word' id='word_1_175' title='bbox 1260 1447 1359 1502; x_wconf 90' lang='lat' dir='ltr'><strong>dictum</strong></span> <span class='ocrx_word' id='word_1_176' title='bbox 1371 1463 1432 1504; x_wconf 89' lang='lat' dir='ltr'><strong>esse</strong></span> <span class='ocrx_word' id='word_1_177' title='bbox 1445 1449 1616 1503; x_wconf 85' lang='lat' dir='ltr'><strong>nrsrriiesturn</strong></span> 
     </span>
     <span class='ocr_line' id='line_1_15' title="bbox 111 1539 1617 1628; baseline -0.007 -25"><span class='ocrx_word' id='word_1_178' title='bbox 111 1549 180 1621; x_wconf 82' lang='lat' dir='ltr'><strong>qaod</strong></span> <span class='ocrx_word' id='word_1_179' title='bbox 193 1547 240 1613; x_wconf 87' lang='lat' dir='ltr'><strong>ait,</strong></span> <span class='ocrx_word' id='word_1_180' title='bbox 254 1546 318 1628; x_wconf 71' lang='lat' dir='ltr'><strong>Carra</strong></span> <span class='ocrx_word' id='word_1_181' title='bbox 334 1544 401 1599; x_wconf 87' lang='lat' dir='ltr'><strong>enim</strong></span> <span class='ocrx_word' id='word_1_182' title='bbox 411 1543 525 1626; x_wconf 82' lang='lat' dir='ltr'><strong>nondam</strong></span> <span class='ocrx_word' id='word_1_183' title='bbox 537 1541 643 1614; x_wconf 64' lang='lat' dir='ltr'><strong>sperent</strong></span> <span class='ocrx_word' id='word_1_184' title='bbox 655 1542 713 1596; x_wconf 85' lang='lat' dir='ltr'><strong>boni</strong></span> <span class='ocrx_word' id='word_1_185' title='bbox 726 1539 776 1596; x_wconf 90' lang='lat' dir='ltr'><strong>oli·</strong></span> <span class='ocrx_word' id='word_1_186' title='bbox 826 1552 877 1606; x_wconf 88' lang='lat' dir='ltr'><strong>est,</strong></span> <span class='ocrx_word' id='word_1_187' title='bbox 892 1549 921 1595; x_wconf 91' lang='lat' dir='ltr'><strong>ut</strong></span> <span class='ocrx_word' id='word_1_188' title='bbox 934 1541 1025 1595; x_wconf 85' lang='lat' dir='ltr'><strong>dirim</strong></span> <span class='ocrx_word' id='word_1_189' title='bbox 1037 1540 1088 1595; x_wconf 88' lang='lat' dir='ltr'><strong>sibi</strong></span> <span class='ocrx_word' id='word_1_190' title='bbox 1099 1540 1365 1610; x_wconf 81' lang='lat' dir='ltr'><strong>corrstaotejustitia,</strong></span> <span class='ocrx_word' id='word_1_191' title='bbox 1378 1539 1412 1594; x_wconf 89' lang='lat' dir='ltr'><strong>ad</strong></span> <span class='ocrx_word' id='word_1_192' title='bbox 1427 1539 1544 1596; x_wconf 85' lang='lat' dir='ltr'><strong>bominis</strong></span> <span class='ocrx_word' id='word_1_193' title='bbox 1558 1555 1617 1610; x_wconf 87' lang='lat' dir='ltr'><strong>per·</strong></span> 
     </span>
     <span class='ocr_line' id='line_1_16' title="bbox 274 1615 1618 1703; baseline 0.001 -16"><span class='ocrx_word' id='word_1_194' title='bbox 274 1616 336 1687; x_wconf 63' lang='lat' dir='ltr'><strong>illd</strong></span> <span class='ocrx_word' id='word_1_195' title='bbox 348 1624 393 1668; x_wconf 61' lang='grc' dir='ltr'><strong>Μ’</strong></span> <span class='ocrx_word' id='word_1_196' title='bbox 410 1615 481 1668; x_wconf 70' lang='lat'><strong>&#39;²¹⁰¹&#39;-</strong></span> <span class='ocrx_word' id='word_1_197' title='bbox 828 1633 912 1689; x_wconf 88' lang='lat' dir='ltr'><strong>tineat</strong></span> <span class='ocrx_word' id='word_1_198' title='bbox 935 1634 1100 1689; x_wconf 84' lang='lat' dir='ltr'><strong>uoluntatem</strong></span> <span class='ocrx_word' id='word_1_199' title='bbox 1125 1633 1168 1689; x_wconf 88' lang='lat' dir='ltr'><strong>rel</strong></span> <span class='ocrx_word' id='word_1_200' title='bbox 1190 1649 1314 1701; x_wconf 87' lang='lat' dir='ltr'><strong>renuere,</strong></span> <span class='ocrx_word' id='word_1_201' title='bbox 1331 1633 1373 1688; x_wconf 88' lang='lat' dir='ltr'><strong>rel</strong></span> <span class='ocrx_word' id='word_1_202' title='bbox 1388 1633 1533 1688; x_wconf 82' lang='lat' dir='ltr'><strong>observare</strong></span> <span class='ocrx_word' id='word_1_203' title='bbox 1547 1647 1618 1703; x_wconf 74' lang='lat' dir='ltr'><strong>prce·</strong></span> 
     </span>
     <span class='ocr_line' id='line_1_17' title="bbox 114 1724 1618 1799; baseline -0.003 -15"><span class='ocrx_word' id='word_1_204' title='bbox 114 1742 179 1786; x_wconf 88' lang='lat' dir='ltr'><strong>rero</strong></span> <span class='ocrx_word' id='word_1_205' title='bbox 198 1727 319 1797; x_wconf 77' lang='lat' dir='ltr'><strong>Apostoli</strong></span> <span class='ocrx_word' id='word_1_206' title='bbox 340 1742 449 1783; x_wconf 85' lang='lat' dir='ltr'><strong>sensum</strong></span> <span class='ocrx_word' id='word_1_207' title='bbox 464 1727 533 1781; x_wconf 88' lang='lat' dir='ltr'><strong>intra</strong></span> <span class='ocrx_word' id='word_1_208' title='bbox 548 1725 654 1795; x_wconf 73' lang='lat' dir='ltr'><strong>gentilis</strong></span> <span class='ocrx_word' id='word_1_209' title='bbox 674 1724 775 1782; x_wconf 79' lang='lat' dir='ltr'><strong>decreti</strong></span> <span class='ocrx_word' id='word_1_210' title='bbox 792 1727 813 1788; x_wconf 84' lang='lat' dir='ltr'>B</span> <span class='ocrx_word' id='word_1_211' title='bbox 828 1738 917 1799; x_wconf 90' lang='lat' dir='ltr'><strong>cepta.</strong></span> <span class='ocrx_word' id='word_1_212' title='bbox 935 1726 1002 1784; x_wconf 83' lang='lat' dir='ltr'><strong>Cum</strong></span> <span class='ocrx_word' id='word_1_213' title='bbox 1017 1743 1082 1798; x_wconf 74' lang='lat' dir='ltr'><strong>ergo</strong></span> <span class='ocrx_word' id='word_1_214' title='bbox 1094 1727 1190 1795; x_wconf 89' lang='lat' dir='ltr'><strong>audis,</strong></span> <span class='ocrx_word' id='word_1_215' title='bbox 1205 1744 1236 1783; x_wconf 84' lang='lat' dir='ltr'><strong>ec</strong></span> <span class='ocrx_word' id='word_1_216' title='bbox 1249 1735 1356 1781; x_wconf 85' lang='lat' dir='ltr'><strong>noronte</strong></span> <span class='ocrx_word' id='word_1_217' title='bbox 1369 1727 1463 1781; x_wconf 84' lang='lat' dir='ltr'><strong>dictam</strong></span> <span class='ocrx_word' id='word_1_218' title='bbox 1485 1736 1532 1792; x_wconf 84' lang='lat' dir='ltr'><strong>cat,</strong></span> <span class='ocrx_word' id='word_1_219' title='bbox 1554 1727 1618 1781; x_wconf 87' lang='lat' dir='ltr'><strong>inri-</strong></span> 
     </span>
     <span class='ocr_line' id='line_1_18' title="bbox 105 1813 1619 1889; baseline -0.005 -10"><span class='ocrx_word' id='word_1_220' title='bbox 105 1819 391 1888; x_wconf 76' lang='lat' dir='ltr'><strong>conanturaopustius,</strong></span> <span class='ocrx_word' id='word_1_221' title='bbox 403 1817 473 1889; x_wconf 82' lang='lat' dir='ltr'><strong>quod</strong></span> <span class='ocrx_word' id='word_1_222' title='bbox 486 1816 552 1873; x_wconf 89' lang='lat' dir='ltr'><strong>dicit</strong></span> <span class='ocrx_word' id='word_1_223' title='bbox 567 1833 575 1872; x_wconf 78' lang='lat' dir='ltr'><strong>a</strong></span> <span class='ocrx_word' id='word_1_224' title='bbox 590 1813 776 1871; x_wconf 82' lang='lat' dir='ltr'><strong>Promissionis</strong></span> <span class='ocrx_word' id='word_1_225' title='bbox 829 1826 928 1874; x_wconf 71' lang='lat' dir='ltr'><strong>mittem</strong></span> <span class='ocrx_word' id='word_1_226' title='bbox 945 1818 1079 1889; x_wconf 73' lang='lat' dir='ltr'><strong>intellige,</strong></span> <span class='ocrx_word' id='word_1_227' title='bbox 1098 1833 1152 1875; x_wconf 91' lang='lat' dir='ltr'><strong>non</strong></span> <span class='ocrx_word' id='word_1_228' title='bbox 1167 1824 1319 1889; x_wconf 70' lang='lat' dir='ltr'><strong>cogentem.</strong></span> <span class='ocrx_word' id='word_1_229' title='bbox 1336 1819 1400 1873; x_wconf 91' lang='lat' dir='ltr'><strong>item</strong></span> <span class='ocrx_word' id='word_1_230' title='bbox 1415 1817 1478 1873; x_wconf 87' lang='lat' dir='ltr'><strong>dnm</strong></span> <span class='ocrx_word' id='word_1_231' title='bbox 1490 1818 1556 1874; x_wconf 88' lang='lat' dir='ltr'><strong>dicit</strong></span> <span class='ocrx_word' id='word_1_232' title='bbox 1568 1835 1619 1872; x_wconf 89' lang='lat' dir='ltr'><strong>non</strong></span> 
     </span>
     <span class='ocr_line' id='line_1_19' title="bbox 107 1909 1621 1980; baseline -0.003 -10"><span class='ocrx_word' id='word_1_233' title='bbox 107 1911 312 1970; x_wconf 80' lang='lat' dir='ltr'><strong>serbambocert</strong></span> <span class='ocrx_word' id='word_1_234' title='bbox 324 1928 333 1968; x_wconf 91' lang='lat'>:</span> <span class='ocrx_word' id='word_1_235' title='bbox 345 1911 493 1967; x_wconf 83' lang='lat' dir='ltr'><strong>Secundam</strong></span> <span class='ocrx_word' id='word_1_236' title='bbox 505 1910 552 1965; x_wconf 86' lang='lat' dir='ltr'><strong>bor</strong></span> <span class='ocrx_word' id='word_1_237' title='bbox 563 1909 777 1980; x_wconf 82' lang='lat' dir='ltr'><strong>temporornianr,</strong></span> <span class='ocrx_word' id='word_1_238' title='bbox 829 1909 1010 1980; x_wconf 72' lang='lat' dir='ltr'><strong>exoperibus,</strong></span> <span class='ocrx_word' id='word_1_239' title='bbox 1030 1912 1128 1966; x_wconf 88' lang='lat' dir='ltr'><strong>asserit</strong></span> <span class='ocrx_word' id='word_1_240' title='bbox 1149 1910 1220 1965; x_wconf 89' lang='lat' dir='ltr'><strong>cirea</strong></span> <span class='ocrx_word' id='word_1_241' title='bbox 1236 1924 1283 1965; x_wconf 89' lang='lat' dir='ltr'><strong>eos</strong></span> <span class='ocrx_word' id='word_1_242' title='bbox 1297 1925 1351 1965; x_wconf 88' lang='lat' dir='ltr'><strong>non</strong></span> <span class='ocrx_word' id='word_1_243' title='bbox 1367 1910 1434 1980; x_wconf 74' lang='lat' dir='ltr'><strong>legis</strong></span> <span class='ocrx_word' id='word_1_244' title='bbox 1447 1925 1546 1980; x_wconf 89' lang='lat' dir='ltr'><strong>opera,</strong></span> <span class='ocrx_word' id='word_1_245' title='bbox 1562 1927 1621 1980; x_wconf 83' lang='lat' dir='ltr'><strong>qnae</strong></span> 
     </span>
     <span class='ocr_line' id='line_1_20' title="bbox 105 2000 1622 2074; baseline -0.003 -15"><span class='ocrx_word' id='word_1_246' title='bbox 105 2008 161 2061; x_wconf 81' lang='lat' dir='ltr'><strong>&#39;aree</strong></span> <span class='ocrx_word' id='word_1_247' title='bbox 173 2004 254 2074; x_wconf 68' lang='lat' dir='ltr'><strong>filins.</strong></span> <span class='ocrx_word' id='word_1_248' title='bbox 271 2002 298 2057; x_wconf 87' lang='lat' dir='ltr'><strong><em>N</em></strong></span> <span class='ocrx_word' id='word_1_249' title='bbox 300 2020 333 2057; x_wconf 85' lang='lat' dir='ltr'><strong>on</strong></span> <span class='ocrx_word' id='word_1_250' title='bbox 351 2004 434 2057; x_wconf 87' lang='lat' dir='ltr'><strong>solam</strong></span> <span class='ocrx_word' id='word_1_251' title='bbox 446 2015 547 2068; x_wconf 86' lang='lat' dir='ltr'><strong>autem,</strong></span> <span class='ocrx_word' id='word_1_252' title='bbox 562 2001 606 2056; x_wconf 87' lang='lat' dir='ltr'><strong>red</strong></span> <span class='ocrx_word' id='word_1_253' title='bbox 620 2009 644 2057; x_wconf 91' lang='lat' dir='ltr'><strong>et</strong></span> <span class='ocrx_word' id='word_1_254' title='bbox 667 2000 780 2056; x_wconf 75' lang='lat' dir='ltr'><strong>Rebecca</strong></span> <span class='ocrx_word' id='word_1_255' title='bbox 830 2001 923 2069; x_wconf 81' lang='lat' dir='ltr'><strong>utique</strong></span> <span class='ocrx_word' id='word_1_256' title='bbox 937 2001 1055 2056; x_wconf 86' lang='lat' dir='ltr'><strong>nondum</strong></span> <span class='ocrx_word' id='word_1_257' title='bbox 1068 2000 1232 2066; x_wconf 88' lang='lat' dir='ltr'><strong>adrenerat,</strong></span> <span class='ocrx_word' id='word_1_258' title='bbox 1243 2001 1290 2056; x_wconf 89' lang='lat' dir='ltr'><strong>scd</strong></span> <span class='ocrx_word' id='word_1_259' title='bbox 1310 2002 1391 2056; x_wconf 86' lang='lat' dir='ltr'><strong>etiarn</strong></span> <span class='ocrx_word' id='word_1_260' title='bbox 1404 2011 1466 2057; x_wconf 86' lang='lat' dir='ltr'><strong>ante</strong></span> <span class='ocrx_word' id='word_1_261' title='bbox 1482 2002 1568 2072; x_wconf 76' lang='lat' dir='ltr'><strong>legent</strong></span> <span class='ocrx_word' id='word_1_262' title='bbox 1582 2003 1622 2056; x_wconf 87' lang='lat' dir='ltr'><strong>di·</strong></span> 
     </span>
     <span class='ocr_line' id='line_1_21' title="bbox 105 2089 1622 2164; baseline -0.002 -13"><span class='ocrx_word' id='word_1_263' title='bbox 105 2094 238 2151; x_wconf 73' lang='lat' dir='ltr'><strong>eoseabftn</strong></span> <span class='ocrx_word' id='word_1_264' title='bbox 253 2093 347 2149; x_wconf 84' lang='lat' dir='ltr'><strong>babens</strong></span> <span class='ocrx_word' id='word_1_265' title='bbox 362 2091 441 2148; x_wconf 87' lang='lat' dir='ltr'><strong>laone</strong></span> <span class='ocrx_word' id='word_1_266' title='bbox 454 2102 552 2163; x_wconf 83' lang='lat' dir='ltr'><strong>patrenr</strong></span> <span class='ocrx_word' id='word_1_267' title='bbox 569 2101 695 2145; x_wconf 85' lang='lat' dir='ltr'><strong>nostrum.</strong></span> <span class='ocrx_word' id='word_1_268' title='bbox 717 2089 780 2146; x_wconf 70' lang='lat' dir='ltr'><strong>carr</strong></span> <span class='ocrx_word' id='word_1_269' title='bbox 830 2094 900 2149; x_wconf 82' lang='lat' dir='ltr'><strong>alara</strong></span> <span class='ocrx_word' id='word_1_270' title='bbox 921 2091 1116 2148; x_wconf 74' lang='lat' dir='ltr'><strong>misericordiae</strong></span> <span class='ocrx_word' id='word_1_271' title='bbox 1137 2105 1169 2148; x_wconf 89' lang='lat' dir='ltr'><strong>ac</strong></span> <span class='ocrx_word' id='word_1_272' title='bbox 1189 2092 1379 2147; x_wconf 77' lang='lat' dir='ltr'><strong>munificentia</strong></span> <span class='ocrx_word' id='word_1_273' title='bbox 1398 2092 1468 2146; x_wconf 91' lang='lat' dir='ltr'><strong>dona</strong></span> <span class='ocrx_word' id='word_1_274' title='bbox 1496 2092 1622 2164; x_wconf 76' lang='lat' dir='ltr'><strong>viguisse.</strong></span> 
     </span>
     <span class='ocr_line' id='line_1_22' title="bbox 105 2170 1622 2257; baseline -0.002 -15"><span class='ocrx_word' id='word_1_275' title='bbox 105 2187 185 2243; x_wconf 63' lang='lat' dir='ltr'><strong>mam</strong></span> <span class='ocrx_word' id='word_1_276' title='bbox 194 2187 248 2240; x_wconf 88' lang='lat' dir='ltr'><strong>nati</strong></span> <span class='ocrx_word' id='word_1_277' title='bbox 259 2187 375 2257; x_wconf 74' lang='lat' dir='ltr'><strong>scissent,</strong></span> <span class='ocrx_word' id='word_1_278' title='bbox 386 2194 430 2238; x_wconf 87' lang='lat' dir='ltr'><strong>aut</strong></span> <span class='ocrx_word' id='word_1_279' title='bbox 443 2181 541 2255; x_wconf 84' lang='lat' dir='ltr'><strong>oliprrid</strong></span> <span class='ocrx_word' id='word_1_280' title='bbox 551 2182 659 2255; x_wconf 79' lang='lat' dir='ltr'><strong>epissent</strong></span> <span class='ocrx_word' id='word_1_281' title='bbox 668 2170 726 2237; x_wconf 82' lang='lat' dir='ltr'><strong>boni</strong></span> <span class='ocrx_word' id='word_1_282' title='bbox 735 2193 781 2235; x_wconf 86' lang='lat' dir='ltr'><strong>cat</strong></span> <span class='ocrx_word' id='word_1_283' title='bbox 832 2182 895 2238; x_wconf 86' lang='lat' dir='ltr'><strong>Non</strong></span> <span class='ocrx_word' id='word_1_284' title='bbox 911 2183 1085 2251; x_wconf 72' lang='lat' dir='ltr'><strong>exoperibus,</strong></span> <span class='ocrx_word' id='word_1_285' title='bbox 1101 2182 1195 2253; x_wconf 87' lang='lat' dir='ltr'><strong>inquit.</strong></span> <span class='ocrx_word' id='word_1_286' title='bbox 1212 2182 1296 2240; x_wconf 79' lang='lat' dir='ltr'><strong>Audis</strong></span> <span class='ocrx_word' id='word_1_287' title='bbox 1310 2182 1376 2254; x_wconf 74' lang='lat' dir='ltr'><strong>legis</strong></span> <span class='ocrx_word' id='word_1_288' title='bbox 1395 2197 1477 2253; x_wconf 85' lang='lat' dir='ltr'><strong>opera</strong></span> <span class='ocrx_word' id='word_1_289' title='bbox 1500 2184 1622 2250; x_wconf 85' lang='lat' dir='ltr'><strong>destrui,</strong></span> 
     </span>
     <span class='ocr_line' id='line_1_23' title="bbox 114 2273 1623 2349; baseline -0.002 -14"><span class='ocrx_word' id='word_1_290' title='bbox 114 2276 253 2335; x_wconf 78' lang='lat' dir='ltr'><strong>mendum</strong></span> <span class='ocrx_word' id='word_1_291' title='bbox 266 2277 412 2333; x_wconf 84' lang='lat' dir='ltr'><strong>electionem</strong></span> <span class='ocrx_word' id='word_1_292' title='bbox 426 2276 585 2349; x_wconf 80' lang='lat' dir='ltr'><strong>propositam</strong></span> <span class='ocrx_word' id='word_1_293' title='bbox 598 2273 646 2330; x_wconf 84' lang='lat' dir='ltr'><strong>Dei</strong></span> <span class='ocrx_word' id='word_1_294' title='bbox 657 2283 780 2340; x_wconf 74' lang='lat' dir='ltr'><strong>marteres,</strong></span> <span class='ocrx_word' id='word_1_295' title='bbox 833 2284 861 2330; x_wconf 90' lang='lat' dir='ltr'><strong>et</strong></span> <span class='ocrx_word' id='word_1_296' title='bbox 875 2284 903 2330; x_wconf 93' lang='lat' dir='ltr'><strong>tu</strong></span> <span class='ocrx_word' id='word_1_297' title='bbox 918 2283 1060 2344; x_wconf 74' lang='lat' dir='ltr'><strong>propterca</strong></span> <span class='ocrx_word' id='word_1_298' title='bbox 1077 2275 1169 2344; x_wconf 89' lang='lat' dir='ltr'><strong>inepto</strong></span> <span class='ocrx_word' id='word_1_299' title='bbox 1183 2288 1264 2331; x_wconf 89' lang='lat' dir='ltr'><strong>sensu</strong></span> <span class='ocrx_word' id='word_1_300' title='bbox 1287 2274 1368 2330; x_wconf 87' lang='lat' dir='ltr'><strong>etiam</strong></span> <span class='ocrx_word' id='word_1_301' title='bbox 1388 2276 1437 2330; x_wconf 91' lang='lat' dir='ltr'><strong>snb</strong></span> <span class='ocrx_word' id='word_1_302' title='bbox 1460 2274 1552 2345; x_wconf 76' lang='lat' dir='ltr'><strong>gratie</strong></span> <span class='ocrx_word' id='word_1_303' title='bbox 1566 2276 1623 2346; x_wconf 73' lang='lat' dir='ltr'><strong>lege</strong></span> 
     </span>
     <span class='ocr_line' id='line_1_24' title="bbox 105 2366 1623 2442; baseline -0.001 -19"><span class='ocrx_word' id='word_1_304' title='bbox 105 2370 226 2442; x_wconf 60' lang='lat' dir='ltr'><strong>»pediam</strong></span> <span class='ocrx_word' id='word_1_305' title='bbox 239 2369 284 2423; x_wconf 82' lang='lat' dir='ltr'><strong>sed</strong></span> <span class='ocrx_word' id='word_1_306' title='bbox 297 2377 443 2423; x_wconf 81' lang='lat' dir='ltr'><strong>exsecante</strong></span> <span class='ocrx_word' id='word_1_307' title='bbox 454 2367 550 2421; x_wconf 86' lang='lat' dir='ltr'><strong>dictam</strong></span> <span class='ocrx_word' id='word_1_308' title='bbox 564 2374 610 2430; x_wconf 81' lang='lat' dir='ltr'><strong>est,</strong></span> <span class='ocrx_word' id='word_1_309' title='bbox 627 2368 687 2437; x_wconf 81' lang='lat' dir='ltr'><strong>palo</strong></span> <span class='ocrx_word' id='word_1_310' title='bbox 697 2368 783 2438; x_wconf 78' lang='lat' dir='ltr'><strong>major</strong></span> <span class='ocrx_word' id='word_1_311' title='bbox 833 2368 965 2435; x_wconf 86' lang='lat' dir='ltr'><strong>tirerrtes,</strong></span> <span class='ocrx_word' id='word_1_312' title='bbox 980 2367 1048 2424; x_wconf 85' lang='lat' dir='ltr'><strong>alios</strong></span> <span class='ocrx_word' id='word_1_313' title='bbox 1061 2367 1119 2422; x_wconf 90' lang='lat' dir='ltr'><strong>sine</strong></span> <span class='ocrx_word' id='word_1_314' title='bbox 1132 2366 1258 2436; x_wconf 91' lang='lat' dir='ltr'><strong>operibus</strong></span> <span class='ocrx_word' id='word_1_315' title='bbox 1271 2368 1364 2437; x_wconf 74' lang='lat' dir='ltr'><strong>pratia</strong></span> <span class='ocrx_word' id='word_1_316' title='bbox 1378 2368 1466 2423; x_wconf 90' lang='lat' dir='ltr'><strong>credis</strong></span> <span class='ocrx_word' id='word_1_317' title='bbox 1480 2382 1559 2439; x_wconf 91' lang='lat' dir='ltr'><strong>posse</strong></span> <span class='ocrx_word' id='word_1_318' title='bbox 1570 2370 1623 2423; x_wconf 86' lang='lat' dir='ltr'><strong>sai·</strong></span> 
     </span>
     <span class='ocr_line' id='line_1_25' title="bbox 105 2456 1623 2529; baseline 0.001 -12"><span class='ocrx_word' id='word_1_319' title='bbox 105 2462 213 2529; x_wconf 79' lang='lat' dir='ltr'><strong>minori,</strong></span> <span class='ocrx_word' id='word_1_320' title='bbox 228 2462 295 2516; x_wconf 80' lang='lat' dir='ltr'><strong>sicat</strong></span> <span class='ocrx_word' id='word_1_321' title='bbox 309 2461 431 2529; x_wconf 82' lang='lat' dir='ltr'><strong>scriptam</strong></span> <span class='ocrx_word' id='word_1_322' title='bbox 445 2469 482 2514; x_wconf 88' lang='lat' dir='ltr'><strong>ert</strong></span> <span class='ocrx_word' id='word_1_323' title='bbox 495 2474 504 2514; x_wconf 89' lang='lat'><strong>.·</strong></span> <span class='ocrx_word' id='word_1_324' title='bbox 515 2457 596 2514; x_wconf 81' lang='lat' dir='ltr'><strong>tarot</strong></span> <span class='ocrx_word' id='word_1_325' title='bbox 608 2458 698 2523; x_wconf 81' lang='lat' dir='ltr'><strong>diirai,</strong></span> <span class='ocrx_word' id='word_1_326' title='bbox 710 2456 783 2511; x_wconf 82' lang='lat' dir='ltr'><strong>lirae</strong></span> <span class='ocrx_word' id='word_1_327' title='bbox 834 2458 907 2523; x_wconf 88' lang='lat' dir='ltr'><strong>rari,</strong></span> <span class='ocrx_word' id='word_1_328' title='bbox 927 2457 995 2514; x_wconf 89' lang='lat' dir='ltr'><strong>aiios</strong></span> <span class='ocrx_word' id='word_1_329' title='bbox 1008 2458 1090 2514; x_wconf 90' lang='lat' dir='ltr'><strong>etiam</strong></span> <span class='ocrx_word' id='word_1_330' title='bbox 1103 2472 1163 2513; x_wconf 88' lang='lat' dir='ltr'><strong>cum</strong></span> <span class='ocrx_word' id='word_1_331' title='bbox 1179 2458 1305 2529; x_wconf 89' lang='lat' dir='ltr'><strong>operibns</strong></span> <span class='ocrx_word' id='word_1_332' title='bbox 1326 2459 1487 2529; x_wconf 89' lang='lat' dir='ltr'><strong>probibente</strong></span> <span class='ocrx_word' id='word_1_333' title='bbox 1511 2462 1623 2518; x_wconf 88' lang='lat' dir='ltr'><strong>natarali</strong></span> 
     </span>
     <span class='ocr_line' id='line_1_26' title="bbox 105 2548 1623 2623; baseline 0 -15"><span class='ocrx_word' id='word_1_334' title='bbox 105 2552 148 2609; x_wconf 86' lang='lat' dir='ltr'><strong>dio</strong></span> <span class='ocrx_word' id='word_1_335' title='bbox 157 2552 234 2608; x_wconf 86' lang='lat' dir='ltr'><strong>babai</strong></span> <span class='ocrx_word' id='word_1_336' title='bbox 246 2551 335 2621; x_wconf 78' lang='lat' dir='ltr'><strong>(lions.</strong></span> <span class='ocrx_word' id='word_1_337' title='bbox 347 2568 390 2619; x_wconf 78' lang='lat'><strong>¹¹3</strong></span> <span class='ocrx_word' id='word_1_338' title='bbox 404 2549 468 2605; x_wconf 88' lang='lat' dir='ltr'><strong>llol.</strong></span> <span class='ocrx_word' id='word_1_339' title='bbox 482 2548 513 2622; x_wconf 92' lang='lat' dir='ltr'><strong>t).</strong></span> <span class='ocrx_word' id='word_1_340' title='bbox 526 2550 555 2606; x_wconf 87' lang='lat' dir='ltr'><strong>la</strong></span> <span class='ocrx_word' id='word_1_341' title='bbox 571 2550 612 2605; x_wconf 91' lang='lat' dir='ltr'><strong>bis</strong></span> <span class='ocrx_word' id='word_1_342' title='bbox 626 2548 716 2604; x_wconf 85' lang='lat' dir='ltr'><strong>verbis</strong></span> <span class='ocrx_word' id='word_1_343' title='bbox 733 2548 784 2603; x_wconf 87' lang='lat' dir='ltr'><strong>lroc</strong></span> <span class='ocrx_word' id='word_1_344' title='bbox 835 2564 905 2605; x_wconf 83' lang='lat' dir='ltr'><strong>nexa</strong></span> <span class='ocrx_word' id='word_1_345' title='bbox 916 2558 944 2605; x_wconf 88' lang='lat' dir='ltr'><strong>et</strong></span> <span class='ocrx_word' id='word_1_346' title='bbox 954 2550 1015 2623; x_wconf 72' lang='lat' dir='ltr'><strong>legs</strong></span> <span class='ocrx_word' id='word_1_347' title='bbox 1024 2550 1097 2606; x_wconf 81' lang='lat' dir='ltr'><strong>fatali</strong></span> <span class='ocrx_word' id='word_1_348' title='bbox 1106 2550 1188 2619; x_wconf 78' lang='lat' dir='ltr'><strong>ianua</strong></span> <span class='ocrx_word' id='word_1_349' title='bbox 1197 2552 1291 2607; x_wconf 88' lang='lat' dir='ltr'><strong>salutis</strong></span> <span class='ocrx_word' id='word_1_350' title='bbox 1301 2552 1431 2607; x_wconf 77' lang='lat' dir='ltr'><strong>excludis.</strong></span> <span class='ocrx_word' id='word_1_351' title='bbox 1443 2552 1525 2606; x_wconf 78' lang='lat' dir='ltr'><strong>iacob</strong></span> <span class='ocrx_word' id='word_1_352' title='bbox 1534 2554 1623 2621; x_wconf 75' lang='lat' dir='ltr'><strong>dilexi,</strong></span> 
     </span>
     <span class='ocr_line' id='line_1_27' title="bbox 105 2640 1624 2720; baseline 0 -17"><span class='ocrx_word' id='word_1_353' title='bbox 105 2646 185 2720; x_wconf 70' lang='lat' dir='ltr'><strong>teilipi</strong></span> <span class='ocrx_word' id='word_1_354' title='bbox 205 2645 343 2719; x_wconf 72' lang='lat' dir='ltr'><strong>gentilitiae</strong></span> <span class='ocrx_word' id='word_1_355' title='bbox 361 2645 543 2717; x_wconf 78' lang='lat' dir='ltr'><strong>persuasionis</strong></span> <span class='ocrx_word' id='word_1_356' title='bbox 557 2643 696 2713; x_wconf 81' lang='lat' dir='ltr'><strong>impietas,</strong></span> <span class='ocrx_word' id='word_1_357' title='bbox 712 2640 784 2713; x_wconf 77' lang='lat' dir='ltr'><strong>quod</strong></span> <span class='ocrx_word' id='word_1_358' title='bbox 836 2641 908 2696; x_wconf 81' lang='lat' dir='ltr'><strong>lisca</strong></span> <span class='ocrx_word' id='word_1_359' title='bbox 918 2642 977 2697; x_wconf 86' lang='lat' dir='ltr'><strong>odio</strong></span> <span class='ocrx_word' id='word_1_360' title='bbox 990 2640 1079 2698; x_wconf 75' lang='lat' dir='ltr'><strong>babai.</strong></span> <span class='ocrx_word' id='word_1_361' title='bbox 1091 2643 1232 2710; x_wconf 87' lang='lat' dir='ltr'><strong>Quomodo</strong></span> <span class='ocrx_word' id='word_1_362' title='bbox 1245 2645 1288 2701; x_wconf 88' lang='lat' dir='ltr'><strong>lric</strong></span> <span class='ocrx_word' id='word_1_363' title='bbox 1301 2648 1373 2714; x_wconf 83' lang='lat' dir='ltr'><strong>juxta</strong></span> <span class='ocrx_word' id='word_1_364' title='bbox 1387 2647 1461 2716; x_wconf 80' lang='lat' dir='ltr'><strong>prasi</strong></span> <span class='ocrx_word' id='word_1_365' title='bbox 1476 2660 1571 2703; x_wconf 88' lang='lat' dir='ltr'><strong>sensas</strong></span> <span class='ocrx_word' id='word_1_366' title='bbox 1583 2649 1624 2703; x_wconf 91' lang='lat' dir='ltr'><strong>in·</strong></span> 
     </span>
     <span class='ocr_line' id='line_1_28' title="bbox 105 2736 1624 2814; baseline 0 -17"><span class='ocrx_word' id='word_1_367' title='bbox 105 2740 245 2814; x_wconf 64' lang='lat' dir='ltr'><strong>mucullo</strong></span> <span class='ocrx_word' id='word_1_368' title='bbox 262 2741 332 2796; x_wconf 90' lang='lat' dir='ltr'><strong>inter</strong></span> <span class='ocrx_word' id='word_1_369' title='bbox 348 2739 487 2795; x_wconf 88' lang='lat' dir='ltr'><strong>malumet</strong></span> <span class='ocrx_word' id='word_1_370' title='bbox 501 2738 599 2793; x_wconf 89' lang='lat' dir='ltr'><strong>bouum</strong></span> <span class='ocrx_word' id='word_1_371' title='bbox 608 2736 785 2792; x_wconf 81' lang='lat' dir='ltr'><strong>moderatoris</strong></span> <span class='ocrx_word' id='word_1_372' title='bbox 837 2744 982 2806; x_wconf 88' lang='lat' dir='ltr'><strong>terpreteat</strong></span> <span class='ocrx_word' id='word_1_373' title='bbox 1008 2737 1080 2792; x_wconf 89' lang='lat' dir='ltr'><strong>circa</strong></span> <span class='ocrx_word' id='word_1_374' title='bbox 1101 2736 1219 2792; x_wconf 89' lang='lat' dir='ltr'><strong>nondum</strong></span> <span class='ocrx_word' id='word_1_375' title='bbox 1242 2747 1319 2792; x_wconf 90' lang='lat' dir='ltr'><strong>antos</strong></span> <span class='ocrx_word' id='word_1_376' title='bbox 1346 2740 1478 2794; x_wconf 86' lang='lat' dir='ltr'><strong>sententia</strong></span> <span class='ocrx_word' id='word_1_377' title='bbox 1506 2742 1624 2797; x_wconf 73' lang='lat' dir='ltr'><strong>caelestis</strong></span> 
     </span>
     <span class='ocr_line' id='line_1_29' title="bbox 105 2827 1624 2907; baseline -0.001 -19"><span class='ocrx_word' id='word_1_378' title='bbox 105 2827 785 2901; x_wconf 71' lang='lat' dir='ltr'><strong>e,nonordinerepentisscdiuredominantisiliurn</strong></span> <span class='ocrx_word' id='word_1_379' title='bbox 836 2829 973 2884; x_wconf 77' lang='lat' dir='ltr'><strong>excritur!</strong></span> <span class='ocrx_word' id='word_1_380' title='bbox 985 2829 1040 2886; x_wconf 81' lang='lat' dir='ltr'><strong>lieo</strong></span> <span class='ocrx_word' id='word_1_381' title='bbox 1052 2845 1114 2886; x_wconf 89' lang='lat' dir='ltr'><strong>rens</strong></span> <span class='ocrx_word' id='word_1_382' title='bbox 1125 2831 1198 2887; x_wconf 91' lang='lat' dir='ltr'><strong>enirn</strong></span> <span class='ocrx_word' id='word_1_383' title='bbox 1210 2846 1270 2887; x_wconf 90' lang='lat' dir='ltr'><strong>esse</strong></span> <span class='ocrx_word' id='word_1_384' title='bbox 1279 2842 1366 2903; x_wconf 89' lang='lat' dir='ltr'><strong>potest</strong></span> <span class='ocrx_word' id='word_1_385' title='bbox 1379 2835 1496 2891; x_wconf 90' lang='lat' dir='ltr'><strong>nondum</strong></span> <span class='ocrx_word' id='word_1_386' title='bbox 1508 2837 1624 2907; x_wconf 74' lang='lat' dir='ltr'><strong>genitur,</strong></span> 
     </span>
     <span class='ocr_line' id='line_1_30' title="bbox 105 2920 1625 3000; baseline 0.004 -21"><span class='ocrx_word' id='word_1_387' title='bbox 105 2920 785 2997; x_wconf 65' lang='lat' dir='ltr'><strong>danumraedaebaneodio,illnmrecipiatstudio,</strong></span> <span class='ocrx_word' id='word_1_388' title='bbox 839 2921 1033 2979; x_wconf 79' lang='lat' dir='ltr'><strong>perdilectus:</strong></span> <span class='ocrx_word' id='word_1_389' title='bbox 1050 2921 1116 2978; x_wconf 87' lang='lat' dir='ltr'><strong>nihil</strong></span> <span class='ocrx_word' id='word_1_390' title='bbox 1131 2923 1203 2978; x_wconf 87' lang='lat' dir='ltr'><strong>eninr</strong></span> <span class='ocrx_word' id='word_1_391' title='bbox 1217 2932 1335 2980; x_wconf 89' lang='lat' dir='ltr'><strong>meretur</strong></span> <span class='ocrx_word' id='word_1_392' title='bbox 1350 2926 1466 2982; x_wconf 89' lang='lat' dir='ltr'><strong>nondum</strong></span> <span class='ocrx_word' id='word_1_393' title='bbox 1481 2929 1625 3000; x_wconf 90' lang='lat' dir='ltr'><strong>productus</strong></span> 
     </span>
     <span class='ocr_line' id='line_1_31' title="bbox 105 3011 1626 3085; baseline 0.006 -15"><span class='ocrx_word' id='word_1_394' title='bbox 105 3015 209 3072; x_wconf 89' lang='lat' dir='ltr'><strong>rciudat</strong></span> <span class='ocrx_word' id='word_1_395' title='bbox 221 3014 343 3085; x_wconf 88' lang='lat' dir='ltr'><strong>imperio.</strong></span> <span class='ocrx_word' id='word_1_396' title='bbox 359 3015 392 3069; x_wconf 86' lang='lat' dir='ltr'><strong>Et</strong></span> <span class='ocrx_word' id='word_1_397' title='bbox 409 3012 480 3068; x_wconf 92' lang='lat' dir='ltr'><strong>inter</strong></span> <span class='ocrx_word' id='word_1_398' title='bbox 492 3013 559 3068; x_wconf 91' lang='lat' dir='ltr'><strong>duos</strong></span> <span class='ocrx_word' id='word_1_399' title='bbox 573 3012 702 3084; x_wconf 91' lang='lat' dir='ltr'><strong>perditos,</strong></span> <span class='ocrx_word' id='word_1_400' title='bbox 714 3011 786 3067; x_wconf 88' lang='lat' dir='ltr'><strong>nulla</strong></span> <span class='ocrx_word' id='word_1_401' title='bbox 839 3014 866 3068; x_wconf 93' lang='lat' dir='ltr'><strong>in</strong></span> <span class='ocrx_word' id='word_1_402' title='bbox 882 3013 985 3080; x_wconf 89' lang='lat' dir='ltr'><strong>lncem;</strong></span> <span class='ocrx_word' id='word_1_403' title='bbox 1005 3013 1053 3069; x_wconf 90' lang='lat' dir='ltr'><strong>sed</strong></span> <span class='ocrx_word' id='word_1_404' title='bbox 1068 3015 1138 3069; x_wconf 89' lang='lat' dir='ltr'><strong>sicut</strong></span> <span class='ocrx_word' id='word_1_405' title='bbox 1155 3014 1181 3069; x_wconf 93' lang='lat' dir='ltr'><strong>in</strong></span> <span class='ocrx_word' id='word_1_406' title='bbox 1203 3014 1321 3070; x_wconf 87' lang='lat' dir='ltr'><strong>iuturnrn</strong></span> <span class='ocrx_word' id='word_1_407' title='bbox 1342 3019 1429 3075; x_wconf 86' lang='lat' dir='ltr'><strong>adbuc</strong></span> <span class='ocrx_word' id='word_1_408' title='bbox 1452 3030 1510 3076; x_wconf 89' lang='lat' dir='ltr'><strong>crat</strong></span> <span class='ocrx_word' id='word_1_409' title='bbox 1533 3038 1626 3079; x_wconf 81' lang='lat' dir='ltr'><strong>etrrurn</strong></span> 
     </span>
     <span class='ocr_line' id='line_1_32' title="bbox 105 3093 1624 3182; baseline 0.007 -21"><span class='ocrx_word' id='word_1_410' title='bbox 105 3106 177 3164; x_wconf 81' lang='lat' dir='ltr'><strong>ertio</strong></span> <span class='ocrx_word' id='word_1_411' title='bbox 191 3107 304 3175; x_wconf 88' lang='lat' dir='ltr'><strong>laboris,</strong></span> <span class='ocrx_word' id='word_1_412' title='bbox 317 3107 388 3161; x_wconf 87' lang='lat' dir='ltr'><strong>natta</strong></span> <span class='ocrx_word' id='word_1_413' title='bbox 409 3105 558 3161; x_wconf 85' lang='lat' dir='ltr'><strong>deuotionis</strong></span> <span class='ocrx_word' id='word_1_414' title='bbox 581 3103 723 3172; x_wconf 88' lang='lat' dir='ltr'><strong>babeatur,</strong></span> <span class='ocrx_word' id='word_1_415' title='bbox 738 3101 784 3159; x_wconf 89' lang='lat' dir='ltr'><strong>scd</strong></span> <span class='ocrx_word' id='word_1_416' title='bbox 799 3093 821 3152; x_wconf 87' lang='lat' dir='ltr'>C</span> <span class='ocrx_word' id='word_1_417' title='bbox 838 3107 954 3176; x_wconf 86' lang='lat' dir='ltr'><strong>reposita</strong></span> <span class='ocrx_word' id='word_1_418' title='bbox 969 3105 1153 3174; x_wconf 78' lang='lat' dir='ltr'><strong>conuersatio,</strong></span> <span class='ocrx_word' id='word_1_419' title='bbox 1165 3105 1201 3162; x_wconf 86' lang='lat' dir='ltr'><strong>ira</strong></span> <span class='ocrx_word' id='word_1_420' title='bbox 1216 3107 1303 3163; x_wconf 87' lang='lat' dir='ltr'><strong>lutura</strong></span> <span class='ocrx_word' id='word_1_421' title='bbox 1316 3111 1484 3179; x_wconf 84' lang='lat' dir='ltr'><strong>praescientis</strong></span> <span class='ocrx_word' id='word_1_422' title='bbox 1502 3114 1624 3182; x_wconf 78' lang='lat' dir='ltr'><strong>offensio,</strong></span> 
     </span>
     <span class='ocr_line' id='line_1_33' title="bbox 105 3195 1628 3276; baseline 0.005 -22"><span class='ocrx_word' id='word_1_423' title='bbox 105 3215 136 3256; x_wconf 91' lang='lat' dir='ltr'><strong>ne</strong></span> <span class='ocrx_word' id='word_1_424' title='bbox 145 3199 248 3255; x_wconf 87' lang='lat' dir='ltr'><strong>ratione</strong></span> <span class='ocrx_word' id='word_1_425' title='bbox 261 3198 428 3253; x_wconf 85' lang='lat' dir='ltr'><strong>cessantibus</strong></span> <span class='ocrx_word' id='word_1_426' title='bbox 437 3197 532 3252; x_wconf 88' lang='lat' dir='ltr'><strong>oilieiis</strong></span> <span class='ocrx_word' id='word_1_427' title='bbox 543 3205 705 3263; x_wconf 77' lang='lat' dir='ltr'><strong>assumatur,</strong></span> <span class='ocrx_word' id='word_1_428' title='bbox 719 3195 788 3250; x_wconf 88' lang='lat' dir='ltr'><strong>alter</strong></span> <span class='ocrx_word' id='word_1_429' title='bbox 839 3196 927 3254; x_wconf 87' lang='lat' dir='ltr'><strong>lutura</strong></span> <span class='ocrx_word' id='word_1_430' title='bbox 942 3198 1137 3268; x_wconf 80' lang='lat' dir='ltr'><strong>praenuntiatur</strong></span> <span class='ocrx_word' id='word_1_431' title='bbox 1151 3198 1257 3255; x_wconf 89' lang='lat' dir='ltr'><strong>electio.</strong></span> <span class='ocrx_word' id='word_1_432' title='bbox 1279 3199 1344 3256; x_wconf 84' lang='lat' dir='ltr'><strong>llam</strong></span> <span class='ocrx_word' id='word_1_433' title='bbox 1360 3201 1449 3260; x_wconf 82' lang='lat' dir='ltr'><strong>divina</strong></span> <span class='ocrx_word' id='word_1_434' title='bbox 1463 3207 1628 3276; x_wconf 82' lang='lat' dir='ltr'><strong>prouidentia</strong></span> 
     </span>
     <span class='ocr_line' id='line_1_34' title="bbox 107 3287 1638 3365; baseline 0.003 -17"><span class='ocrx_word' id='word_1_435' title='bbox 107 3293 226 3349; x_wconf 87' lang='lat' dir='ltr'><strong>cretione</strong></span> <span class='ocrx_word' id='word_1_436' title='bbox 237 3289 480 3345; x_wconf 85' lang='lat' dir='ltr'><strong>darrrrretur.licsic</strong></span> <span class='ocrx_word' id='word_1_437' title='bbox 493 3288 556 3342; x_wconf 89' lang='lat' dir='ltr'><strong>durn</strong></span> <span class='ocrx_word' id='word_1_438' title='bbox 568 3287 729 3342; x_wconf 89' lang='lat' dir='ltr'><strong>inalterutro</strong></span> <span class='ocrx_word' id='word_1_439' title='bbox 740 3299 789 3342; x_wconf 88' lang='lat' dir='ltr'><strong>nec</strong></span> <span class='ocrx_word' id='word_1_440' title='bbox 842 3289 909 3345; x_wconf 72' lang='lat' dir='ltr'><strong>sient</strong></span> <span class='ocrx_word' id='word_1_441' title='bbox 923 3288 998 3343; x_wconf 87' lang='lat' dir='ltr'><strong>norit</strong></span> <span class='ocrx_word' id='word_1_442' title='bbox 1006 3288 1126 3358; x_wconf 84' lang='lat' dir='ltr'><strong>judicare</strong></span> <span class='ocrx_word' id='word_1_443' title='bbox 1136 3288 1171 3345; x_wconf 92' lang='lat' dir='ltr'><strong>de</strong></span> <span class='ocrx_word' id='word_1_444' title='bbox 1181 3291 1275 3360; x_wconf 68' lang='lat' dir='ltr'><strong>pestis</strong></span> <span class='ocrx_word' id='word_1_445' title='bbox 1290 3292 1327 3347; x_wconf 88' lang='lat' dir='ltr'><strong>ita</strong></span> <span class='ocrx_word' id='word_1_446' title='bbox 1337 3293 1425 3350; x_wconf 89' lang='lat' dir='ltr'><strong>adbuc</strong></span> <span class='ocrx_word' id='word_1_447' title='bbox 1439 3298 1564 3365; x_wconf 73' lang='lat' dir='ltr'><strong>gerendis</strong></span> <span class='ocrx_word' id='word_1_448' title='bbox 1578 3302 1638 3356; x_wconf 72' lang='lat' dir='ltr'><strong>scit.</strong></span> 
     </span>
     <span class='ocr_line' id='line_1_35' title="bbox 105 3376 1629 3454; baseline 0.003 -14"><span class='ocrx_word' id='word_1_449' title='bbox 105 3384 192 3440; x_wconf 80' lang='lat' dir='ltr'><strong>existit</strong></span> <span class='ocrx_word' id='word_1_450' title='bbox 203 3383 323 3450; x_wconf 84' lang='lat' dir='ltr'><strong>materia,</strong></span> <span class='ocrx_word' id='word_1_451' title='bbox 336 3378 740 3443; x_wconf 85' lang='lat' dir='ltr'><strong>necdelicti,aulcrturotnnino</strong></span> <span class='ocrx_word' id='word_1_452' title='bbox 750 3376 789 3430; x_wconf 72' lang='lat' dir='ltr'><strong>ir·</strong></span> <span class='ocrx_word' id='word_1_453' title='bbox 841 3379 1026 3450; x_wconf 77' lang='lat' dir='ltr'><strong>prejudicare.</strong></span> <span class='ocrx_word' id='word_1_454' title='bbox 1042 3379 1125 3436; x_wconf 84' lang='lat' dir='ltr'><strong>Nemo</strong></span> <span class='ocrx_word' id='word_1_455' title='bbox 1142 3380 1233 3451; x_wconf 88' lang='lat' dir='ltr'><strong>itaque</strong></span> <span class='ocrx_word' id='word_1_456' title='bbox 1243 3389 1319 3452; x_wconf 87' lang='lat' dir='ltr'><strong>putet</strong></span> <span class='ocrx_word' id='word_1_457' title='bbox 1332 3380 1402 3454; x_wconf 76' lang='lat' dir='ltr'><strong>duod</strong></span> <span class='ocrx_word' id='word_1_458' title='bbox 1416 3384 1544 3444; x_wconf 89' lang='lat' dir='ltr'><strong>iratribus</strong></span> <span class='ocrx_word' id='word_1_459' title='bbox 1562 3405 1629 3445; x_wconf 89' lang='lat' dir='ltr'><strong>nott·</strong></span> 
     </span>
     <span class='ocr_line' id='line_1_36' title="bbox 106 3470 1630 3547; baseline 0.004 -15"><span class='ocrx_word' id='word_1_460' title='bbox 106 3491 153 3532; x_wconf 61' lang='lat' dir='ltr'><strong>usa</strong></span> <span class='ocrx_word' id='word_1_461' title='bbox 172 3475 274 3547; x_wconf 79' lang='lat' dir='ltr'><strong>judieii.</strong></span> <span class='ocrx_word' id='word_1_462' title='bbox 288 3472 364 3542; x_wconf 80' lang='lat' dir='ltr'><strong>Quod</strong></span> <span class='ocrx_word' id='word_1_463' title='bbox 387 3474 408 3528; x_wconf 92' lang='lat' dir='ltr'><strong>si</strong></span> <span class='ocrx_word' id='word_1_464' title='bbox 430 3473 488 3527; x_wconf 82' lang='lat' dir='ltr'><strong>bae</strong></span> <span class='ocrx_word' id='word_1_465' title='bbox 504 3487 593 3528; x_wconf 90' lang='lat' dir='ltr'><strong>rernm</strong></span> <span class='ocrx_word' id='word_1_466' title='bbox 609 3480 661 3526; x_wconf 75' lang='lat' dir='ltr'><strong>mm</strong></span> <span class='ocrx_word' id='word_1_467' title='bbox 681 3470 789 3541; x_wconf 75' lang='lat' dir='ltr'><strong>indigna</strong></span> <span class='ocrx_word' id='word_1_468' title='bbox 840 3470 904 3525; x_wconf 89' lang='lat' dir='ltr'><strong>darn</strong></span> <span class='ocrx_word' id='word_1_469' title='bbox 919 3470 988 3526; x_wconf 75' lang='lat' dir='ltr'><strong>naus</strong></span> <span class='ocrx_word' id='word_1_470' title='bbox 1002 3470 1168 3527; x_wconf 83' lang='lat' dir='ltr'><strong>diuersorum</strong></span> <span class='ocrx_word' id='word_1_471' title='bbox 1182 3472 1327 3530; x_wconf 84' lang='lat' dir='ltr'><strong>necessitas</strong></span> <span class='ocrx_word' id='word_1_472' title='bbox 1342 3476 1377 3530; x_wconf 90' lang='lat' dir='ltr'><strong>sit</strong></span> <span class='ocrx_word' id='word_1_473' title='bbox 1392 3477 1502 3546; x_wconf 81' lang='lat' dir='ltr'><strong>prreirxa</strong></span> <span class='ocrx_word' id='word_1_474' title='bbox 1521 3484 1630 3538; x_wconf 88' lang='lat' dir='ltr'><strong>merito-</strong></span> 
     </span>
     <span class='ocr_line' id='line_1_37' title="bbox 106 3561 1641 3633; baseline -0.002 -6"><span class='ocrx_word' id='word_1_475' title='bbox 106 3567 212 3629; x_wconf 84' lang='lat' dir='ltr'><strong>octium</strong></span> <span class='ocrx_word' id='word_1_476' title='bbox 224 3582 238 3621; x_wconf 87' lang='lat' dir='ltr'><strong>a</strong></span> <span class='ocrx_word' id='word_1_477' title='bbox 249 3581 328 3622; x_wconf 88' lang='lat' dir='ltr'><strong>sensa</strong></span> <span class='ocrx_word' id='word_1_478' title='bbox 340 3565 462 3620; x_wconf 81' lang='lat' dir='ltr'><strong>bumana</strong></span> <span class='ocrx_word' id='word_1_479' title='bbox 473 3565 569 3620; x_wconf 78' lang='lat' dir='ltr'><strong>meritis</strong></span> <span class='ocrx_word' id='word_1_480' title='bbox 579 3565 665 3619; x_wconf 70' lang='lat' dir='ltr'><strong>aliena</strong></span> <span class='ocrx_word' id='word_1_481' title='bbox 676 3563 792 3630; x_wconf 89' lang='lat' dir='ltr'><strong>est,sol-</strong></span> <span class='ocrx_word' id='word_1_482' title='bbox 841 3578 912 3630; x_wconf 87' lang='lat' dir='ltr'><strong>ram,</strong></span> <span class='ocrx_word' id='word_1_483' title='bbox 925 3576 986 3618; x_wconf 89' lang='lat' dir='ltr'><strong>cum</strong></span> <span class='ocrx_word' id='word_1_484' title='bbox 1001 3561 1053 3618; x_wconf 93' lang='lat' dir='ltr'><strong>lroc</strong></span> <span class='ocrx_word' id='word_1_485' title='bbox 1074 3572 1133 3633; x_wconf 97' lang='lat' dir='ltr'><strong>post</strong></span> <span class='ocrx_word' id='word_1_486' title='bbox 1147 3565 1308 3620; x_wconf 81' lang='lat' dir='ltr'><strong>transactam</strong></span> <span class='ocrx_word' id='word_1_487' title='bbox 1326 3566 1387 3622; x_wconf 78' lang='lat' dir='ltr'><strong>nita</strong></span> <span class='ocrx_word' id='word_1_488' title='bbox 1401 3569 1523 3626; x_wconf 86' lang='lat' dir='ltr'><strong>militiam</strong></span> <span class='ocrx_word' id='word_1_489' title='bbox 1535 3573 1569 3628; x_wconf 92' lang='lat' dir='ltr'><strong>de</strong></span> <span class='ocrx_word' id='word_1_490' title='bbox 1589 3577 1641 3633; x_wconf 84' lang='lat' dir='ltr'><strong>eis.</strong></span> 
     </span>
     <span class='ocr_line' id='line_1_38' title="bbox 121 3634 1630 3732; baseline 0 -19"><span class='ocrx_word' id='word_1_491' title='bbox 121 3661 288 3732; x_wconf 79' lang='lat' dir='ltr'><strong>requiramus</strong></span> <span class='ocrx_word' id='word_1_492' title='bbox 305 3659 367 3729; x_wconf 85' lang='lat' dir='ltr'><strong>qaid</strong></span> <span class='ocrx_word' id='word_1_493' title='bbox 388 3657 484 3713; x_wconf 80' lang='lat' dir='ltr'><strong>diuinae</strong></span> <span class='ocrx_word' id='word_1_494' title='bbox 498 3657 791 3727; x_wconf 79' lang='lat' dir='ltr'><strong>conveniat,bpostolo</strong></span> <span class='ocrx_word' id='word_1_495' title='bbox 842 3634 986 3709; x_wconf 76' lang='lat' dir='ltr'><strong>blalaclti&#39;ae</strong></span> <span class='ocrx_word' id='word_1_496' title='bbox 1008 3657 1135 3725; x_wconf 86' lang='lat' dir='ltr'><strong>propbeta</strong></span> <span class='ocrx_word' id='word_1_497' title='bbox 1149 3664 1357 3723; x_wconf 57' lang='lat' dir='ltr'><strong>commemorem</strong></span> <span class='ocrx_word' id='word_1_498' title='bbox 1382 3669 1408 3714; x_wconf 88' lang='lat' dir='ltr'><strong>ot</strong></span> <span class='ocrx_word' id='word_1_499' title='bbox 1432 3659 1466 3716; x_wconf 87' lang='lat' dir='ltr'><strong>de</strong></span> <span class='ocrx_word' id='word_1_500' title='bbox 1494 3667 1630 3732; x_wconf 61' lang='lat' dir='ltr'><strong>praesertin</strong></span> 
     </span>
     <span class='ocr_line' id='line_1_39' title="bbox 105 3743 1631 3825; baseline 0.004 -19"><span class='ocrx_word' id='word_1_501' title='bbox 105 3761 172 3821; x_wconf 65' lang='lat' dir='ltr'><strong>inte,</strong></span> <span class='ocrx_word' id='word_1_502' title='bbox 192 3751 320 3822; x_wconf 87' lang='lat' dir='ltr'><strong>justitiae,</strong></span> <span class='ocrx_word' id='word_1_503' title='bbox 343 3753 412 3805; x_wconf 91' lang='lat' dir='ltr'><strong>inter</strong></span> <span class='ocrx_word' id='word_1_504' title='bbox 423 3750 490 3804; x_wconf 86' lang='lat' dir='ltr'><strong>duos</strong></span> <span class='ocrx_word' id='word_1_505' title='bbox 502 3749 614 3820; x_wconf 92' lang='lat' dir='ltr'><strong>populos</strong></span> <span class='ocrx_word' id='word_1_506' title='bbox 631 3749 791 3805; x_wconf 87' lang='lat' dir='ltr'><strong>constitutus</strong></span> <span class='ocrx_word' id='word_1_507' title='bbox 842 3759 937 3802; x_wconf 85' lang='lat' dir='ltr'><strong>eoram</strong></span> <span class='ocrx_word' id='word_1_508' title='bbox 965 3751 1036 3800; x_wconf 88' lang='lat' dir='ltr'><strong>suta</strong></span> <span class='ocrx_word' id='word_1_509' title='bbox 1055 3743 1173 3799; x_wconf 82' lang='lat' dir='ltr'><strong>diuinum</strong></span> <span class='ocrx_word' id='word_1_510' title='bbox 1194 3744 1312 3814; x_wconf 87' lang='lat' dir='ltr'><strong>prolerat</strong></span> <span class='ocrx_word' id='word_1_511' title='bbox 1340 3748 1479 3806; x_wconf 77' lang='lat' dir='ltr'><strong>manifesta</strong></span> <span class='ocrx_word' id='word_1_512' title='bbox 1504 3753 1631 3825; x_wconf 79' lang='lat' dir='ltr'><strong>aequitate</strong></span> 
     </span>
     <span class='ocr_line' id='line_1_40' title="bbox 105 3836 1630 3915; baseline 0.003 -15"><span class='ocrx_word' id='word_1_513' title='bbox 105 3858 158 3900; x_wconf 85' lang='lat' dir='ltr'><strong>rum</strong></span> <span class='ocrx_word' id='word_1_514' title='bbox 171 3843 301 3899; x_wconf 90' lang='lat' dir='ltr'><strong>doctoret</strong></span> <span class='ocrx_word' id='word_1_515' title='bbox 314 3841 445 3914; x_wconf 73' lang='lat' dir='ltr'><strong>genitium,</strong></span> <span class='ocrx_word' id='word_1_516' title='bbox 460 3841 521 3897; x_wconf 92' lang='lat' dir='ltr'><strong>duru</strong></span> <span class='ocrx_word' id='word_1_517' title='bbox 536 3841 573 3897; x_wconf 92' lang='lat' dir='ltr'><strong>ita</strong></span> <span class='ocrx_word' id='word_1_518' title='bbox 588 3840 625 3897; x_wconf 93' lang='lat' dir='ltr'><strong>ait</strong></span> <span class='ocrx_word' id='word_1_519' title='bbox 640 3858 648 3896; x_wconf 79' lang='lat' dir='ltr'><strong>r</strong></span> <span class='ocrx_word' id='word_1_520' title='bbox 662 3842 723 3911; x_wconf 82' lang='lat' dir='ltr'><strong>quia</strong></span> <span class='ocrx_word' id='word_1_521' title='bbox 735 3858 792 3896; x_wconf 87' lang='lat' dir='ltr'><strong>rna·</strong></span> <span class='ocrx_word' id='word_1_522' title='bbox 841 3837 980 3909; x_wconf 76' lang='lat' dir='ltr'><strong>iudicium.</strong></span> <span class='ocrx_word' id='word_1_523' title='bbox 991 3837 1073 3893; x_wconf 79' lang='lat' dir='ltr'><strong>Jacob</strong></span> <span class='ocrx_word' id='word_1_524' title='bbox 1087 3836 1181 3905; x_wconf 76' lang='lat' dir='ltr'><strong>citeri,</strong></span> <span class='ocrx_word' id='word_1_525' title='bbox 1198 3836 1269 3893; x_wconf 75' lang='lat' dir='ltr'><strong>Esau</strong></span> <span class='ocrx_word' id='word_1_526' title='bbox 1280 3851 1365 3895; x_wconf 80' lang='lat' dir='ltr'><strong>autern</strong></span> <span class='ocrx_word' id='word_1_527' title='bbox 1380 3845 1439 3898; x_wconf 85' lang='lat' dir='ltr'><strong>odio</strong></span> <span class='ocrx_word' id='word_1_528' title='bbox 1451 3846 1538 3901; x_wconf 86' lang='lat' dir='ltr'><strong>babai.</strong></span> <span class='ocrx_word' id='word_1_529' title='bbox 1561 3850 1630 3915; x_wconf 84' lang='lat' dir='ltr'><strong>Quid</strong></span> 
     </span>
     <span class='ocr_line' id='line_1_41' title="bbox 105 3929 1631 4012; baseline 0.004 -22"><span class='ocrx_word' id='word_1_530' title='bbox 105 3934 149 3990; x_wconf 83' lang='lat' dir='ltr'><strong>siet</strong></span> <span class='ocrx_word' id='word_1_531' title='bbox 164 3935 255 3989; x_wconf 87' lang='lat' dir='ltr'><strong>minori</strong></span> <span class='ocrx_word' id='word_1_532' title='bbox 270 3933 346 4006; x_wconf 82' lang='lat' dir='ltr'><strong>(Gen.</strong></span> <span class='ocrx_word' id='word_1_533' title='bbox 363 3935 436 4002; x_wconf 79' lang='lat' dir='ltr'><strong>aaa),</strong></span> <span class='ocrx_word' id='word_1_534' title='bbox 452 3932 596 3988; x_wconf 84' lang='lat' dir='ltr'><strong>insaniora</strong></span> <span class='ocrx_word' id='word_1_535' title='bbox 609 3931 695 3988; x_wconf 83' lang='lat' dir='ltr'><strong>iudaei</strong></span> <span class='ocrx_word' id='word_1_536' title='bbox 717 3946 792 3988; x_wconf 89' lang='lat' dir='ltr'><strong>arro·</strong></span> <span class='ocrx_word' id='word_1_537' title='bbox 843 3929 941 3984; x_wconf 88' lang='lat' dir='ltr'><strong>mirem</strong></span> <span class='ocrx_word' id='word_1_538' title='bbox 960 3936 1002 3984; x_wconf 84' lang='lat' dir='ltr'><strong>eat</strong></span> <span class='ocrx_word' id='word_1_539' title='bbox 1016 3930 1039 3983; x_wconf 87' lang='lat' dir='ltr'><strong>si</strong></span> <span class='ocrx_word' id='word_1_540' title='bbox 1051 3929 1154 3998; x_wconf 85' lang='lat' dir='ltr'><strong>justitia</strong></span> <span class='ocrx_word' id='word_1_541' title='bbox 1164 3929 1256 4001; x_wconf 74' lang='lat' dir='ltr'><strong>diligat</strong></span> <span class='ocrx_word' id='word_1_542' title='bbox 1271 3929 1467 4004; x_wconf 86' lang='lat' dir='ltr'><strong>innocentiam,</strong></span> <span class='ocrx_word' id='word_1_543' title='bbox 1481 3947 1509 3993; x_wconf 90' lang='lat' dir='ltr'><strong>et</strong></span> <span class='ocrx_word' id='word_1_544' title='bbox 1523 3951 1631 4012; x_wconf 88' lang='lat' dir='ltr'><strong>respuat</strong></span> 
     </span>
     <span class='ocr_line' id='line_1_42' title="bbox 114 4019 1632 4099; baseline 0.003 -16"><span class='ocrx_word' id='word_1_545' title='bbox 114 4027 284 4099; x_wconf 85' lang='lat' dir='ltr'><strong>reprobatur,</strong></span> <span class='ocrx_word' id='word_1_546' title='bbox 300 4028 326 4081; x_wconf 89' lang='lat' dir='ltr'><strong>in</strong></span> <span class='ocrx_word' id='word_1_547' title='bbox 339 4026 446 4096; x_wconf 81' lang='lat' dir='ltr'><strong>juniore</strong></span> <span class='ocrx_word' id='word_1_548' title='bbox 460 4024 527 4081; x_wconf 87' lang='lat' dir='ltr'><strong>tides</strong></span> <span class='ocrx_word' id='word_1_549' title='bbox 544 4024 651 4096; x_wconf 74' lang='lat' dir='ltr'><strong>gentilis</strong></span> <span class='ocrx_word' id='word_1_550' title='bbox 672 4024 791 4096; x_wconf 73' lang='lat' dir='ltr'><strong>eligitur.</strong></span> <span class='ocrx_word' id='word_1_551' title='bbox 843 4019 1032 4090; x_wconf 62' lang='lat' dir='ltr'><strong>iniquitatem,</strong></span> <span class='ocrx_word' id='word_1_552' title='bbox 1057 4019 1128 4090; x_wconf 67' lang='lat' dir='ltr'><strong>aiud</strong></span> <span class='ocrx_word' id='word_1_553' title='bbox 1152 4036 1231 4091; x_wconf 82' lang='lat' dir='ltr'><strong>qnam</strong></span> <span class='ocrx_word' id='word_1_554' title='bbox 1250 4021 1330 4078; x_wconf 88' lang='lat' dir='ltr'><strong>etiam</strong></span> <span class='ocrx_word' id='word_1_555' title='bbox 1345 4022 1433 4080; x_wconf 87' lang='lat' dir='ltr'><strong>latura</strong></span> <span class='ocrx_word' id='word_1_556' title='bbox 1461 4026 1529 4082; x_wconf 87' lang='lat' dir='ltr'><strong>laeta</strong></span> <span class='ocrx_word' id='word_1_557' title='bbox 1551 4035 1632 4087; x_wconf 84' lang='lat' dir='ltr'><strong>sacti</strong></span> 
     </span>
     <span class='ocr_line' id='line_1_43' title="bbox 106 4109 1633 4193; baseline 0 -20"><span class='ocrx_word' id='word_1_558' title='bbox 106 4116 165 4193; x_wconf 87' lang='lat' dir='ltr'><strong>ipse</strong></span> <span class='ocrx_word' id='word_1_559' title='bbox 176 4117 227 4172; x_wconf 89' lang='lat' dir='ltr'><strong>sibi</strong></span> <span class='ocrx_word' id='word_1_560' title='bbox 241 4116 348 4172; x_wconf 90' lang='lat' dir='ltr'><strong>obducit</strong></span> <span class='ocrx_word' id='word_1_561' title='bbox 359 4116 515 4187; x_wconf 80' lang='lat' dir='ltr'><strong>ignorantiae</strong></span> <span class='ocrx_word' id='word_1_562' title='bbox 530 4116 656 4182; x_wconf 88' lang='lat' dir='ltr'><strong>nebulas,</strong></span> <span class='ocrx_word' id='word_1_563' title='bbox 672 4116 718 4187; x_wconf 87' lang='lat' dir='ltr'><strong>qui</strong></span> <span class='ocrx_word' id='word_1_564' title='bbox 739 4131 792 4172; x_wconf 93' lang='lat' dir='ltr'><strong>non</strong></span> <span class='ocrx_word' id='word_1_565' title='bbox 844 4110 922 4178; x_wconf 84' lang='lat' dir='ltr'><strong>Quod</strong></span> <span class='ocrx_word' id='word_1_566' title='bbox 948 4117 1038 4168; x_wconf 84' lang='lat' dir='ltr'><strong>autom</strong></span> <span class='ocrx_word' id='word_1_567' title='bbox 1061 4109 1149 4166; x_wconf 88' lang='lat' dir='ltr'><strong>minor</strong></span> <span class='ocrx_word' id='word_1_568' title='bbox 1163 4112 1259 4183; x_wconf 80' lang='lat' dir='ltr'><strong>majori</strong></span> <span class='ocrx_word' id='word_1_569' title='bbox 1272 4129 1306 4169; x_wconf 83' lang='lat' dir='ltr'><strong>ex</strong></span> <span class='ocrx_word' id='word_1_570' title='bbox 1323 4116 1381 4184; x_wconf 80' lang='lat' dir='ltr'><strong>lege</strong></span> <span class='ocrx_word' id='word_1_571' title='bbox 1404 4120 1583 4189; x_wconf 74' lang='lat' dir='ltr'><strong>preponitur,</strong></span> <span class='ocrx_word' id='word_1_572' title='bbox 1605 4135 1633 4180; x_wconf 80' lang='lat' dir='ltr'><strong>er</strong></span> 
     </span>
     <span class='ocr_line' id='line_1_44' title="bbox 105 4202 1633 4280; baseline 0.002 -15"><span class='ocrx_word' id='word_1_573' title='bbox 105 4208 219 4280; x_wconf 81' lang='lat' dir='ltr'><strong>alpturis</strong></span> <span class='ocrx_word' id='word_1_574' title='bbox 230 4209 328 4263; x_wconf 87' lang='lat' dir='ltr'><strong>sanctis</strong></span> <span class='ocrx_word' id='word_1_575' title='bbox 338 4209 446 4279; x_wconf 86' lang='lat' dir='ltr'><strong>sequaci</strong></span> <span class='ocrx_word' id='word_1_576' title='bbox 460 4222 541 4264; x_wconf 91' lang='lat' dir='ltr'><strong>seusu</strong></span> <span class='ocrx_word' id='word_1_577' title='bbox 553 4223 583 4263; x_wconf 92' lang='lat' dir='ltr'><strong>se</strong></span> <span class='ocrx_word' id='word_1_578' title='bbox 597 4208 792 4277; x_wconf 86' lang='lat' dir='ltr'><strong>accommodat,</strong></span> <span class='ocrx_word' id='word_1_579' title='bbox 845 4202 929 4259; x_wconf 86' lang='lat' dir='ltr'><strong>Jacob</strong></span> <span class='ocrx_word' id='word_1_580' title='bbox 941 4202 1062 4274; x_wconf 70' lang='lat' dir='ltr'><strong>neglecto</strong></span> <span class='ocrx_word' id='word_1_581' title='bbox 1074 4203 1157 4261; x_wconf 85' lang='lat' dir='ltr'><strong>tratre</strong></span> <span class='ocrx_word' id='word_1_582' title='bbox 1168 4202 1296 4276; x_wconf 76' lang='lat' dir='ltr'><strong>diligitur,</strong></span> <span class='ocrx_word' id='word_1_583' title='bbox 1309 4205 1458 4276; x_wconf 88' lang='lat' dir='ltr'><strong>bincpaulo</strong></span> <span class='ocrx_word' id='word_1_584' title='bbox 1471 4210 1633 4271; x_wconf 83' lang='lat' dir='ltr'><strong>tardioribus</strong></span> 
     </span>
     <span class='ocr_line' id='line_1_45' title="bbox 105 4296 1634 4371; baseline 0.004 -14"><span class='ocrx_word' id='word_1_585' title='bbox 105 4298 370 4371; x_wconf 76' lang='lat' dir='ltr'><strong>Scripturassanrtas</strong></span> <span class='ocrx_word' id='word_1_586' title='bbox 383 4298 417 4353; x_wconf 90' lang='lat' dir='ltr'><strong>ad</strong></span> <span class='ocrx_word' id='word_1_587' title='bbox 431 4298 798 4355; x_wconf 56' lang='lat' dir='ltr'><strong>intellectumsuumriolens</strong></span> <span class='ocrx_word' id='word_1_588' title='bbox 845 4296 998 4353; x_wconf 83' lang='lat' dir='ltr'><strong>obscuritas</strong></span> <span class='ocrx_word' id='word_1_589' title='bbox 1017 4296 1151 4364; x_wconf 74' lang='lat' dir='ltr'><strong>nascitur,</strong></span> <span class='ocrx_word' id='word_1_590' title='bbox 1172 4296 1243 4369; x_wconf 88' lang='lat' dir='ltr'><strong>quod</strong></span> <span class='ocrx_word' id='word_1_591' title='bbox 1264 4300 1395 4368; x_wconf 86' lang='lat' dir='ltr'><strong>prolatum</strong></span> <span class='ocrx_word' id='word_1_592' title='bbox 1416 4300 1567 4359; x_wconf 79' lang='lat' dir='ltr'><strong>dilectionis</strong></span> <span class='ocrx_word' id='word_1_593' title='bbox 1590 4309 1634 4363; x_wconf 85' lang='lat' dir='ltr'><strong>tel</strong></span> 
     </span>
     <span class='ocr_line' id='line_1_46' title="bbox 105 4386 1634 4468; baseline 0.006 -24"><span class='ocrx_word' id='word_1_594' title='bbox 105 4388 195 4465; x_wconf 79' lang='lat' dir='ltr'><strong>robers</strong></span> <span class='ocrx_word' id='word_1_595' title='bbox 209 4397 235 4444; x_wconf 90' lang='lat' dir='ltr'><strong>et</strong></span> <span class='ocrx_word' id='word_1_596' title='bbox 253 4389 442 4458; x_wconf 74' lang='lat' dir='ltr'><strong>presumptive</strong></span> <span class='ocrx_word' id='word_1_597' title='bbox 454 4386 548 4442; x_wconf 87' lang='lat' dir='ltr'><strong>aititur</strong></span> <span class='ocrx_word' id='word_1_598' title='bbox 564 4388 714 4458; x_wconf 87' lang='lat' dir='ltr'><strong>applicare,</strong></span> <span class='ocrx_word' id='word_1_599' title='bbox 726 4397 754 4443; x_wconf 91' lang='lat' dir='ltr'><strong>et</strong></span> <span class='ocrx_word' id='word_1_600' title='bbox 768 4387 794 4442; x_wconf 93' lang='lat' dir='ltr'><strong>id</strong></span> <span class='ocrx_word' id='word_1_601' title='bbox 847 4387 902 4443; x_wconf 92' lang='lat' dir='ltr'><strong>odii</strong></span> <span class='ocrx_word' id='word_1_602' title='bbox 915 4387 1097 4444; x_wconf 87' lang='lat' dir='ltr'><strong>testimonium</strong></span> <span class='ocrx_word' id='word_1_603' title='bbox 1109 4387 1228 4444; x_wconf 88' lang='lat' dir='ltr'><strong>nondum</strong></span> <span class='ocrx_word' id='word_1_604' title='bbox 1239 4390 1307 4445; x_wconf 88' lang='lat' dir='ltr'><strong>natis</strong></span> <span class='ocrx_word' id='word_1_605' title='bbox 1319 4391 1446 4449; x_wconf 79' lang='lat' dir='ltr'><strong>inanibus</strong></span> <span class='ocrx_word' id='word_1_606' title='bbox 1458 4395 1634 4468; x_wconf 87' lang='lat' dir='ltr'><strong>arbitrantur,</strong></span> 
     </span>
     <span class='ocr_line' id='line_1_47' title="bbox 105 4453 1633 4563; baseline 0.01 -28"><span class='ocrx_word' id='word_1_607' title='bbox 105 4496 119 4535; x_wconf 93' lang='lat' dir='ltr'><strong>o</strong></span> <span class='ocrx_word' id='word_1_608' title='bbox 136 4487 215 4549; x_wconf 88' lang='lat' dir='ltr'><strong>captu</strong></span> <span class='ocrx_word' id='word_1_609' title='bbox 229 4492 279 4533; x_wconf 92' lang='lat' dir='ltr'><strong>suo</strong></span> <span class='ocrx_word' id='word_1_610' title='bbox 289 4479 387 4535; x_wconf 89' lang='lat' dir='ltr'><strong>omissa</strong></span> <span class='ocrx_word' id='word_1_611' title='bbox 402 4478 611 4549; x_wconf 76' lang='lat' dir='ltr'><strong>precedentium</strong></span> <span class='ocrx_word' id='word_1_612' title='bbox 625 4478 667 4534; x_wconf 86' lang='lat' dir='ltr'><strong>uel</strong></span> <span class='ocrx_word' id='word_1_613' title='bbox 681 4493 795 4549; x_wconf 76' lang='lat' dir='ltr'><strong>sequen</strong></span> <span class='ocrx_word' id='word_1_614' title='bbox 808 4453 835 4513; x_wconf 74' lang='grc' dir='ltr'><strong>Ῑ)</strong></span> <span class='ocrx_word' id='word_1_615' title='bbox 847 4479 911 4536; x_wconf 91' lang='lat' dir='ltr'><strong>dum</strong></span> <span class='ocrx_word' id='word_1_616' title='bbox 926 4489 953 4536; x_wconf 90' lang='lat' dir='ltr'><strong>et</strong></span> <span class='ocrx_word' id='word_1_617' title='bbox 977 4481 1115 4537; x_wconf 72' lang='lat' dir='ltr'><strong>addentes</strong></span> <span class='ocrx_word' id='word_1_618' title='bbox 1129 4495 1217 4538; x_wconf 84' lang='lat' dir='ltr'><strong>caasae</strong></span> <span class='ocrx_word' id='word_1_619' title='bbox 1236 4483 1333 4553; x_wconf 86' lang='lat' dir='ltr'><strong>quibus</strong></span> <span class='ocrx_word' id='word_1_620' title='bbox 1356 4501 1423 4543; x_wconf 85' lang='lat' dir='ltr'><strong>crtus</strong></span> <span class='ocrx_word' id='word_1_621' title='bbox 1448 4489 1633 4563; x_wconf 83' lang='lat' dir='ltr'><strong>displicuerit,</strong></span> 
     </span>
     <span class='ocr_line' id='line_1_48' title="bbox 105 4568 1635 4650; baseline 0.011 -23"><span class='ocrx_word' id='word_1_622' title='bbox 105 4569 193 4627; x_wconf 82' lang='lat' dir='ltr'><strong>stione</strong></span> <span class='ocrx_word' id='word_1_623' title='bbox 207 4570 359 4641; x_wconf 87' lang='lat' dir='ltr'><strong>persuadet,</strong></span> <span class='ocrx_word' id='word_1_624' title='bbox 372 4569 442 4626; x_wconf 89' lang='lat' dir='ltr'><strong>nude</strong></span> <span class='ocrx_word' id='word_1_625' title='bbox 451 4569 556 4640; x_wconf 90' lang='lat' dir='ltr'><strong>penitus</strong></span> <span class='ocrx_word' id='word_1_626' title='bbox 567 4568 639 4639; x_wconf 83' lang='lat' dir='ltr'><strong>loqui</strong></span> <span class='ocrx_word' id='word_1_627' title='bbox 650 4568 795 4639; x_wconf 78' lang='lat' dir='ltr'><strong>Apostolus</strong></span> <span class='ocrx_word' id='word_1_628' title='bbox 847 4574 916 4629; x_wconf 89' lang='lat' dir='ltr'><strong>aiter</strong></span> <span class='ocrx_word' id='word_1_629' title='bbox 927 4572 1056 4644; x_wconf 81' lang='lat' dir='ltr'><strong>placuerit</strong></span> <span class='ocrx_word' id='word_1_630' title='bbox 1067 4573 1277 4645; x_wconf 89' lang='lat' dir='ltr'><strong>supprimuntur.</strong></span> <span class='ocrx_word' id='word_1_631' title='bbox 1293 4576 1320 4631; x_wconf 91' lang='lat' dir='ltr'><strong>ln</strong></span> <span class='ocrx_word' id='word_1_632' title='bbox 1332 4577 1373 4631; x_wconf 91' lang='lat' dir='ltr'><strong>bis</strong></span> <span class='ocrx_word' id='word_1_633' title='bbox 1385 4593 1450 4650; x_wconf 75' lang='lat' dir='ltr'><strong>ergo</strong></span> <span class='ocrx_word' id='word_1_634' title='bbox 1464 4580 1568 4642; x_wconf 91' lang='lat' dir='ltr'><strong>duobus</strong></span> <span class='ocrx_word' id='word_1_635' title='bbox 1582 4602 1635 4644; x_wconf 90' lang='lat' dir='ltr'><strong>non</strong></span> 
     </span>
     <span class='ocr_line' id='line_1_49' title="bbox 105 4659 1636 4750; baseline 0.011 -31"><span class='ocrx_word' id='word_1_636' title='bbox 105 4663 197 4719; x_wconf 84' lang='lat' dir='ltr'><strong>stituit.</strong></span> <span class='ocrx_word' id='word_1_637' title='bbox 212 4662 287 4731; x_wconf 82' lang='lat' dir='ltr'><strong>Quod</strong></span> <span class='ocrx_word' id='word_1_638' title='bbox 299 4665 321 4718; x_wconf 91' lang='lat' dir='ltr'><strong>si</strong></span> <span class='ocrx_word' id='word_1_639' title='bbox 333 4662 368 4718; x_wconf 93' lang='lat' dir='ltr'><strong>ad</strong></span> <span class='ocrx_word' id='word_1_640' title='bbox 383 4662 492 4734; x_wconf 87' lang='lat' dir='ltr'><strong>capituli</strong></span> <span class='ocrx_word' id='word_1_641' title='bbox 502 4661 586 4733; x_wconf 87' lang='lat' dir='ltr'><strong>ipsius</strong></span> <span class='ocrx_word' id='word_1_642' title='bbox 597 4662 632 4718; x_wconf 89' lang='lat' dir='ltr'><strong>de</strong></span> <span class='ocrx_word' id='word_1_643' title='bbox 643 4675 697 4733; x_wconf 85' lang='lat' dir='ltr'><strong>quo</strong></span> <span class='ocrx_word' id='word_1_644' title='bbox 708 4659 797 4731; x_wconf 77' lang='lat' dir='ltr'><strong>agitur</strong></span> <span class='ocrx_word' id='word_1_645' title='bbox 848 4676 952 4722; x_wconf 79' lang='lat' dir='ltr'><strong>naturae</strong></span> <span class='ocrx_word' id='word_1_646' title='bbox 961 4666 1021 4737; x_wconf 85' lang='lat' dir='ltr'><strong>jura</strong></span> <span class='ocrx_word' id='word_1_647' title='bbox 1037 4666 1189 4723; x_wconf 87' lang='lat' dir='ltr'><strong>bominibus</strong></span> <span class='ocrx_word' id='word_1_648' title='bbox 1200 4668 1382 4740; x_wconf 74' lang='lat' dir='ltr'><strong>pralignntur,</strong></span> <span class='ocrx_word' id='word_1_649' title='bbox 1397 4673 1444 4729; x_wconf 88' lang='lat' dir='ltr'><strong>sed</strong></span> <span class='ocrx_word' id='word_1_650' title='bbox 1458 4674 1493 4732; x_wconf 91' lang='lat' dir='ltr'><strong>de</strong></span> <span class='ocrx_word' id='word_1_651' title='bbox 1508 4676 1560 4734; x_wconf 88' lang='lat' dir='ltr'><strong>dds</strong></span> <span class='ocrx_word' id='word_1_652' title='bbox 1570 4694 1636 4750; x_wconf 71' lang='lat' dir='ltr'><strong>pen·</strong></span> 
     </span>
     <span class='ocr_line' id='line_1_50' title="bbox 105 4750 1637 4832; baseline 0.012 -23"><span class='ocrx_word' id='word_1_653' title='bbox 105 4767 131 4809; x_wconf 87' lang='lat' dir='ltr'><strong>as</strong></span> <span class='ocrx_word' id='word_1_654' title='bbox 143 4753 294 4822; x_wconf 81' lang='lat' dir='ltr'><strong>exordium,</strong></span> <span class='ocrx_word' id='word_1_655' title='bbox 308 4768 387 4810; x_wconf 90' lang='lat' dir='ltr'><strong>omne</strong></span> <span class='ocrx_word' id='word_1_656' title='bbox 398 4753 498 4823; x_wconf 86' lang='lat' dir='ltr'><strong>absquo</strong></span> <span class='ocrx_word' id='word_1_657' title='bbox 512 4753 566 4808; x_wconf 88' lang='lat' dir='ltr'><strong>ulla</strong></span> <span class='ocrx_word' id='word_1_658' title='bbox 578 4751 735 4808; x_wconf 84' lang='lat' dir='ltr'><strong>diliicnltate</strong></span> <span class='ocrx_word' id='word_1_659' title='bbox 748 4750 797 4807; x_wconf 89' lang='lat' dir='ltr'><strong>de·</strong></span> <span class='ocrx_word' id='word_1_660' title='bbox 849 4755 914 4811; x_wconf 90' lang='lat' dir='ltr'><strong>tium</strong></span> <span class='ocrx_word' id='word_1_661' title='bbox 925 4764 953 4813; x_wconf 89' lang='lat' dir='ltr'><strong>et</strong></span> <span class='ocrx_word' id='word_1_662' title='bbox 967 4755 1124 4813; x_wconf 78' lang='lat' dir='ltr'><strong>innocuae</strong></span> <span class='ocrx_word' id='word_1_663' title='bbox 1133 4756 1287 4815; x_wconf 70' lang='lat' dir='ltr'><strong>indecorum</strong></span> <span class='ocrx_word' id='word_1_664' title='bbox 1296 4761 1407 4832; x_wconf 79' lang='lat' dir='ltr'><strong>justitia</strong></span> <span class='ocrx_word' id='word_1_665' title='bbox 1417 4775 1514 4822; x_wconf 89' lang='lat' dir='ltr'><strong>statuta</strong></span> <span class='ocrx_word' id='word_1_666' title='bbox 1526 4785 1637 4827; x_wconf 86' lang='lat' dir='ltr'><strong>narran-</strong></span> 
     </span>
     <span class='ocr_line' id='line_1_51' title="bbox 105 4843 1636 4934; baseline 0.013 -34"><span class='ocrx_word' id='word_1_667' title='bbox 105 4844 301 4916; x_wconf 75' lang='lat' dir='ltr'><strong>atmbiguum.</strong></span> <span class='ocrx_word' id='word_1_668' title='bbox 317 4844 344 4900; x_wconf 89' lang='lat' dir='ltr'><strong>st</strong></span> <span class='ocrx_word' id='word_1_669' title='bbox 369 4846 495 4917; x_wconf 75' lang='lat' dir='ltr'><strong>magister</strong></span> <span class='ocrx_word' id='word_1_670' title='bbox 506 4845 626 4917; x_wconf 74' lang='lat' dir='ltr'><strong>gentiunt</strong></span> <span class='ocrx_word' id='word_1_671' title='bbox 648 4843 682 4900; x_wconf 90' lang='lat' dir='ltr'><strong>de</strong></span> <span class='ocrx_word' id='word_1_672' title='bbox 705 4845 796 4916; x_wconf 69' lang='lat' dir='ltr'><strong>genesi</strong></span> <span class='ocrx_word' id='word_1_673' title='bbox 849 4853 903 4903; x_wconf 84' lang='lat' dir='ltr'><strong>tur.</strong></span> <span class='ocrx_word' id='word_1_674' title='bbox 919 4846 978 4904; x_wconf 78' lang='lat' dir='ltr'><strong>lion</strong></span> <span class='ocrx_word' id='word_1_675' title='bbox 992 4848 1064 4904; x_wconf 90' lang='lat' dir='ltr'><strong>cuim</strong></span> <span class='ocrx_word' id='word_1_676' title='bbox 1078 4849 1129 4905; x_wconf 90' lang='lat' dir='ltr'><strong>ltoc</strong></span> <span class='ocrx_word' id='word_1_677' title='bbox 1145 4852 1203 4906; x_wconf 95' lang='lat' dir='ltr'><strong>loco</strong></span> <span class='ocrx_word' id='word_1_678' title='bbox 1215 4851 1290 4920; x_wconf 82' lang='lat' dir='ltr'><strong>juxta</strong></span> <span class='ocrx_word' id='word_1_679' title='bbox 1305 4853 1420 4912; x_wconf 88' lang='lat' dir='ltr'><strong>litteram</strong></span> <span class='ocrx_word' id='word_1_680' title='bbox 1439 4873 1560 4928; x_wconf 78' lang='lat' dir='ltr'><strong>personas</strong></span> <span class='ocrx_word' id='word_1_681' title='bbox 1575 4877 1636 4934; x_wconf 87' lang='lat' dir='ltr'><strong>spc-</strong></span> 
     </span>
     <span class='ocr_line' id='line_1_52' title="bbox 105 4935 1636 5023; baseline 0.008 -31"><span class='ocrx_word' id='word_1_682' title='bbox 105 4950 148 4992; x_wconf 87' lang='lat' dir='ltr'><strong>um</strong></span> <span class='ocrx_word' id='word_1_683' title='bbox 166 4945 284 4992; x_wconf 89' lang='lat' dir='ltr'><strong>tractare</strong></span> <span class='ocrx_word' id='word_1_684' title='bbox 297 4937 434 5008; x_wconf 74' lang='lat' dir='ltr'><strong>caepisset,</strong></span> <span class='ocrx_word' id='word_1_685' title='bbox 448 4935 700 4993; x_wconf 86' lang='lat' dir='ltr'><strong>etdiceretltomini</strong></span> <span class='ocrx_word' id='word_1_686' title='bbox 715 4935 797 4990; x_wconf 89' lang='lat' dir='ltr'><strong>totius</strong></span> <span class='ocrx_word' id='word_1_687' title='bbox 848 4936 955 4993; x_wconf 88' lang='lat' dir='ltr'><strong>cialiter</strong></span> <span class='ocrx_word' id='word_1_688' title='bbox 966 4952 1172 5010; x_wconf 72' lang='lat' dir='ltr'><strong>germanorum,</strong></span> <span class='ocrx_word' id='word_1_689' title='bbox 1189 4940 1236 4997; x_wconf 89' lang='lat' dir='ltr'><strong>sed</strong></span> <span class='ocrx_word' id='word_1_690' title='bbox 1250 4958 1339 4998; x_wconf 87' lang='lat' dir='ltr'><strong>rerum</strong></span> <span class='ocrx_word' id='word_1_691' title='bbox 1357 4960 1446 5001; x_wconf 81' lang='lat' dir='ltr'><strong>causa</strong></span> <span class='ocrx_word' id='word_1_692' title='bbox 1463 4963 1495 5004; x_wconf 89' lang='lat' dir='ltr'><strong>ac</strong></span> <span class='ocrx_word' id='word_1_693' title='bbox 1510 4954 1636 5023; x_wconf 81' lang='lat' dir='ltr'><strong>mysteria</strong></span> 
     </span>
     <span class='ocr_line' id='line_1_53' title="bbox 105 5025 1637 5109; baseline 0.011 -27"><span class='ocrx_word' id='word_1_694' title='bbox 105 5041 194 5083; x_wconf 89' lang='lat' dir='ltr'><strong>ursum</strong></span> <span class='ocrx_word' id='word_1_695' title='bbox 207 5026 309 5097; x_wconf 75' lang='lat' dir='ltr'><strong>origine</strong></span> <span class='ocrx_word' id='word_1_696' title='bbox 323 5028 495 5098; x_wconf 80' lang='lat' dir='ltr'><strong>praefinitum,</strong></span> <span class='ocrx_word' id='word_1_697' title='bbox 508 5036 536 5083; x_wconf 92' lang='lat' dir='ltr'><strong>et</strong></span> <span class='ocrx_word' id='word_1_698' title='bbox 550 5027 635 5098; x_wconf 75' lang='lat' dir='ltr'><strong>magis</strong></span> <span class='ocrx_word' id='word_1_699' title='bbox 645 5025 797 5082; x_wconf 88' lang='lat' dir='ltr'><strong>necessitati</strong></span> <span class='ocrx_word' id='word_1_700' title='bbox 849 5029 1048 5098; x_wconf 88' lang='lat' dir='ltr'><strong>describuntur,</strong></span> <span class='ocrx_word' id='word_1_701' title='bbox 1064 5030 1170 5087; x_wconf 89' lang='lat' dir='ltr'><strong>dicente</strong></span> <span class='ocrx_word' id='word_1_702' title='bbox 1185 5031 1298 5089; x_wconf 86' lang='lat' dir='ltr'><strong>Domino</strong></span> <span class='ocrx_word' id='word_1_703' title='bbox 1320 5051 1326 5087; x_wconf 91' lang='lat'>:</span> <span class='ocrx_word' id='word_1_704' title='bbox 1352 5036 1416 5092; x_wconf 83' lang='lat' dir='ltr'><strong>lluoe</strong></span> <span class='ocrx_word' id='word_1_705' title='bbox 1431 5049 1517 5109; x_wconf 78' lang='lat' dir='ltr'><strong>pentes</strong></span> <span class='ocrx_word' id='word_1_706' title='bbox 1533 5053 1594 5097; x_wconf 86' lang='lat' dir='ltr'><strong>snnt</strong></span> <span class='ocrx_word' id='word_1_707' title='bbox 1611 5047 1637 5100; x_wconf 87' lang='lat' dir='ltr'><strong>in</strong></span> 
     </span>
    </p>
   </div>
   <div class='ocr_carea' id='block_1_3' title="bbox 105 5117 1638 5756">
    <p class='ocr_par' dir='ltr' id='par_1_3' title="bbox 105 5117 1638 5756">
     <span class='ocr_line' id='line_1_54' title="bbox 105 5117 1636 5205; baseline 0.01 -34"><span class='ocrx_word' id='word_1_708' title='bbox 105 5130 157 5187; x_wconf 89' lang='lat' dir='ltr'><strong>um,</strong></span> <span class='ocrx_word' id='word_1_709' title='bbox 168 5132 246 5188; x_wconf 83' lang='lat' dir='ltr'><strong>quam</strong></span> <span class='ocrx_word' id='word_1_710' title='bbox 260 5117 345 5173; x_wconf 86' lang='lat' dir='ltr'><strong>libero</strong></span> <span class='ocrx_word' id='word_1_711' title='bbox 355 5118 467 5172; x_wconf 89' lang='lat' dir='ltr'><strong>arbitrio</strong></span> <span class='ocrx_word' id='word_1_712' title='bbox 477 5117 560 5173; x_wconf 85' lang='lat' dir='ltr'><strong>luisse</strong></span> <span class='ocrx_word' id='word_1_713' title='bbox 567 5117 751 5187; x_wconf 88' lang='lat' dir='ltr'><strong>commissum,</strong></span> <span class='ocrx_word' id='word_1_714' title='bbox 764 5130 798 5173; x_wconf 89' lang='lat' dir='ltr'><strong>ee</strong></span> <span class='ocrx_word' id='word_1_715' title='bbox 848 5132 920 5179; x_wconf 75' lang='lat' dir='ltr'><strong>mero</strong></span> <span class='ocrx_word' id='word_1_716' title='bbox 933 5132 988 5190; x_wconf 80' lang='lat' dir='ltr'><strong>teo,</strong></span> <span class='ocrx_word' id='word_1_717' title='bbox 1003 5131 1027 5178; x_wconf 87' lang='lat' dir='ltr'><strong>et</strong></span> <span class='ocrx_word' id='word_1_718' title='bbox 1044 5123 1097 5179; x_wconf 83' lang='lat' dir='ltr'><strong>duo</strong></span> <span class='ocrx_word' id='word_1_719' title='bbox 1106 5126 1194 5197; x_wconf 85' lang='lat' dir='ltr'><strong>popuii</strong></span> <span class='ocrx_word' id='word_1_720' title='bbox 1207 5125 1238 5180; x_wconf 88' lang='lat' dir='ltr'><strong>de</strong></span> <span class='ocrx_word' id='word_1_721' title='bbox 1248 5126 1333 5183; x_wconf 85' lang='lat' dir='ltr'><strong>oentre</strong></span> <span class='ocrx_word' id='word_1_722' title='bbox 1346 5136 1390 5182; x_wconf 87' lang='lat' dir='ltr'><strong>tuo</strong></span> <span class='ocrx_word' id='word_1_723' title='bbox 1401 5129 1546 5189; x_wconf 79' lang='lat' dir='ltr'><strong>diuideretur</strong></span> <span class='ocrx_word' id='word_1_724' title='bbox 1558 5136 1636 5205; x_wconf 75' lang='lat' dir='ltr'><strong>(Gen.</strong></span> 
     </span>
     <span class='ocr_line' id='line_1_55' title="bbox 105 5209 1637 5291; baseline 0.013 -29"><span class='ocrx_word' id='word_1_725' title='bbox 105 5210 218 5265; x_wconf 84' lang='lat' dir='ltr'><strong>lominus</strong></span> <span class='ocrx_word' id='word_1_726' title='bbox 233 5209 352 5264; x_wconf 89' lang='lat' dir='ltr'><strong>omniurn</strong></span> <span class='ocrx_word' id='word_1_727' title='bbox 366 5226 415 5280; x_wconf 94' lang='lat' dir='ltr'><strong>pro</strong></span> <span class='ocrx_word' id='word_1_728' title='bbox 428 5211 567 5279; x_wconf 89' lang='lat' dir='ltr'><strong>potestatis</strong></span> <span class='ocrx_word' id='word_1_729' title='bbox 588 5220 655 5265; x_wconf 89' lang='lat' dir='ltr'><strong>nutu</strong></span> <span class='ocrx_word' id='word_1_730' title='bbox 668 5210 797 5277; x_wconf 84' lang='lat' dir='ltr'><strong>violento,</strong></span> <span class='ocrx_word' id='word_1_731' title='bbox 849 5212 928 5286; x_wconf 85' lang='lat' dir='ltr'><strong>axv).</strong></span> <span class='ocrx_word' id='word_1_732' title='bbox 949 5213 1061 5283; x_wconf 79' lang='lat' dir='ltr'><strong>Quodsi</strong></span> <span class='ocrx_word' id='word_1_733' title='bbox 1080 5214 1113 5271; x_wconf 91' lang='lat' dir='ltr'><strong>de</strong></span> <span class='ocrx_word' id='word_1_734' title='bbox 1124 5216 1240 5285; x_wconf 54' lang='lat' dir='ltr'><strong>prallra‘</strong></span> <span class='ocrx_word' id='word_1_735' title='bbox 1255 5218 1314 5289; x_wconf 79' lang='lat' dir='ltr'><strong>lege</strong></span> <span class='ocrx_word' id='word_1_736' title='bbox 1328 5221 1438 5291; x_wconf 70' lang='lat' dir='ltr'><strong>originis</strong></span> <span class='ocrx_word' id='word_1_737' title='bbox 1464 5234 1637 5291; x_wconf 86' lang='lat' dir='ltr'><strong>tractaretur,</strong></span> 
     </span>
     <span class='ocr_line' id='line_1_56' title="bbox 105 5300 1637 5384; baseline 0.007 -24"><span class='ocrx_word' id='word_1_738' title='bbox 105 5310 185 5359; x_wconf 72' lang='lat' dir='ltr'><strong>aceto</strong></span> <span class='ocrx_word' id='word_1_739' title='bbox 199 5301 267 5357; x_wconf 91' lang='lat' dir='ltr'><strong>alios</strong></span> <span class='ocrx_word' id='word_1_740' title='bbox 290 5302 452 5370; x_wconf 77' lang='lat' dir='ltr'><strong>relinqueret</strong></span> <span class='ocrx_word' id='word_1_741' title='bbox 464 5300 498 5355; x_wconf 89' lang='lat' dir='ltr'><strong>ad</strong></span> <span class='ocrx_word' id='word_1_742' title='bbox 515 5301 711 5371; x_wconf 89' lang='lat' dir='ltr'><strong>perditionem,</strong></span> <span class='ocrx_word' id='word_1_743' title='bbox 732 5302 800 5357; x_wconf 84' lang='lat' dir='ltr'><strong>alios</strong></span> <span class='ocrx_word' id='word_1_744' title='bbox 851 5303 914 5374; x_wconf 89' lang='lat' dir='ltr'><strong>quid</strong></span> <span class='ocrx_word' id='word_1_745' title='bbox 926 5316 994 5374; x_wconf 89' lang='lat' dir='ltr'><strong>opus</strong></span> <span class='ocrx_word' id='word_1_746' title='bbox 1003 5311 1062 5360; x_wconf 86' lang='lat' dir='ltr'><strong>erat</strong></span> <span class='ocrx_word' id='word_1_747' title='bbox 1076 5313 1105 5359; x_wconf 91' lang='lat' dir='ltr'><strong>ut</strong></span> <span class='ocrx_word' id='word_1_748' title='bbox 1116 5305 1226 5375; x_wconf 77' lang='lat' dir='ltr'><strong>maioris</strong></span> <span class='ocrx_word' id='word_1_749' title='bbox 1238 5317 1265 5363; x_wconf 90' lang='lat' dir='ltr'><strong>et</strong></span> <span class='ocrx_word' id='word_1_750' title='bbox 1280 5309 1390 5365; x_wconf 87' lang='lat' dir='ltr'><strong>minoris</strong></span> <span class='ocrx_word' id='word_1_751' title='bbox 1403 5321 1508 5369; x_wconf 80' lang='lat' dir='ltr'><strong>atatem</strong></span> <span class='ocrx_word' id='word_1_752' title='bbox 1519 5314 1589 5384; x_wconf 75' lang='lat' dir='ltr'><strong>quod</strong></span> <span class='ocrx_word' id='word_1_753' title='bbox 1603 5320 1637 5372; x_wconf 88' lang='lat' dir='ltr'><strong>ad</strong></span> 
     </span>
     <span class='ocr_line' id='line_1_57' title="bbox 105 5392 1638 5472; baseline 0.007 -25"><span class='ocrx_word' id='word_1_754' title='bbox 105 5401 121 5449; x_wconf 79' lang='lat' dir='ltr'><strong>rt</strong></span> <span class='ocrx_word' id='word_1_755' title='bbox 137 5392 310 5459; x_wconf 88' lang='lat' dir='ltr'><strong>adsalutem,</strong></span> <span class='ocrx_word' id='word_1_756' title='bbox 338 5401 401 5447; x_wconf 92' lang='lat' dir='ltr'><strong>tunc</strong></span> <span class='ocrx_word' id='word_1_757' title='bbox 415 5393 527 5448; x_wconf 80' lang='lat' dir='ltr'><strong>forsitan</strong></span> <span class='ocrx_word' id='word_1_758' title='bbox 548 5394 620 5449; x_wconf 86' lang='lat' dir='ltr'><strong>velut</strong></span> <span class='ocrx_word' id='word_1_759' title='bbox 647 5409 694 5462; x_wconf 90' lang='lat' dir='ltr'><strong>per</strong></span> <span class='ocrx_word' id='word_1_760' title='bbox 715 5396 797 5458; x_wconf 82' lang='lat' dir='ltr'><strong>linear</strong></span> <span class='ocrx_word' id='word_1_761' title='bbox 851 5410 908 5451; x_wconf 87' lang='lat' dir='ltr'><strong>rem</strong></span> <span class='ocrx_word' id='word_1_762' title='bbox 922 5409 976 5451; x_wconf 89' lang='lat' dir='ltr'><strong>aaa</strong></span> <span class='ocrx_word' id='word_1_763' title='bbox 991 5395 1150 5466; x_wconf 85' lang='lat' dir='ltr'><strong>pertinebat,</strong></span> <span class='ocrx_word' id='word_1_764' title='bbox 1163 5397 1302 5467; x_wconf 87' lang='lat' dir='ltr'><strong>insereret,</strong></span> <span class='ocrx_word' id='word_1_765' title='bbox 1312 5401 1363 5456; x_wconf 92' lang='lat' dir='ltr'><strong>nisi</strong></span> <span class='ocrx_word' id='word_1_766' title='bbox 1374 5403 1435 5471; x_wconf 87' lang='lat' dir='ltr'><strong>quia</strong></span> <span class='ocrx_word' id='word_1_767' title='bbox 1448 5404 1517 5472; x_wconf 89' lang='lat' dir='ltr'><strong>apud</strong></span> <span class='ocrx_word' id='word_1_768' title='bbox 1530 5403 1638 5463; x_wconf 79' lang='lat' dir='ltr'><strong>Judae-</strong></span> 
     </span>
     <span class='ocr_line' id='line_1_58' title="bbox 105 5483 1636 5568; baseline 0.009 -27"><span class='ocrx_word' id='word_1_769' title='bbox 105 5493 202 5553; x_wconf 83' lang='lat' dir='ltr'><strong>entes,</strong></span> <span class='ocrx_word' id='word_1_770' title='bbox 217 5485 335 5539; x_wconf 88' lang='lat' dir='ltr'><strong>colorem</strong></span> <span class='ocrx_word' id='word_1_771' title='bbox 350 5483 421 5538; x_wconf 91' lang='lat' dir='ltr'><strong>bunc</strong></span> <span class='ocrx_word' id='word_1_772' title='bbox 444 5485 534 5555; x_wconf 88' lang='lat' dir='ltr'><strong>iniqua</strong></span> <span class='ocrx_word' id='word_1_773' title='bbox 555 5486 693 5555; x_wconf 90' lang='lat' dir='ltr'><strong>persuasio</strong></span> <span class='ocrx_word' id='word_1_774' title='bbox 716 5492 801 5560; x_wconf 88' lang='lat' dir='ltr'><strong>possit</strong></span> <span class='ocrx_word' id='word_1_775' title='bbox 850 5504 910 5546; x_wconf 86' lang='lat' dir='ltr'><strong>ruas</strong></span> <span class='ocrx_word' id='word_1_776' title='bbox 925 5489 1075 5560; x_wconf 86' lang='lat' dir='ltr'><strong>prosapiam</strong></span> <span class='ocrx_word' id='word_1_777' title='bbox 1090 5505 1196 5561; x_wconf 86' lang='lat' dir='ltr'><strong>semper</strong></span> <span class='ocrx_word' id='word_1_778' title='bbox 1208 5491 1234 5546; x_wconf 94' lang='lat' dir='ltr'><strong>io</strong></span> <span class='ocrx_word' id='word_1_779' title='bbox 1245 5491 1357 5549; x_wconf 87' lang='lat' dir='ltr'><strong>duorum</strong></span> <span class='ocrx_word' id='word_1_780' title='bbox 1368 5493 1509 5552; x_wconf 82' lang='lat' dir='ltr'><strong>vocatione</strong></span> <span class='ocrx_word' id='word_1_781' title='bbox 1521 5499 1636 5568; x_wconf 90' lang='lat' dir='ltr'><strong>populo-</strong></span> 
     </span>
     <span class='ocr_line' id='line_1_59' title="bbox 105 5575 1636 5661; baseline 0.001 -29"><span class='ocrx_word' id='word_1_782' title='bbox 105 5592 144 5632; x_wconf 88' lang='lat' dir='ltr'><strong>rs.</strong></span> <span class='ocrx_word' id='word_1_783' title='bbox 158 5575 224 5633; x_wconf 81' lang='lat' dir='ltr'><strong>Cum</strong></span> <span class='ocrx_word' id='word_1_784' title='bbox 239 5590 301 5632; x_wconf 87' lang='lat' dir='ltr'><strong>tcro</strong></span> <span class='ocrx_word' id='word_1_785' title='bbox 314 5576 457 5648; x_wconf 76' lang='lat' dir='ltr'><strong>Apostolus</strong></span> <span class='ocrx_word' id='word_1_786' title='bbox 470 5579 661 5647; x_wconf 86' lang='lat' dir='ltr'><strong>promissiones</strong></span> <span class='ocrx_word' id='word_1_787' title='bbox 687 5580 752 5650; x_wconf 86' lang='lat' dir='ltr'><strong>bei,</strong></span> <span class='ocrx_word' id='word_1_788' title='bbox 772 5591 801 5638; x_wconf 87' lang='lat' dir='ltr'><strong>et</strong></span> <span class='ocrx_word' id='word_1_789' title='bbox 852 5595 911 5636; x_wconf 91' lang='lat' dir='ltr'><strong>rura</strong></span> <span class='ocrx_word' id='word_1_790' title='bbox 925 5578 1026 5637; x_wconf 88' lang='lat' dir='ltr'><strong>seniori</strong></span> <span class='ocrx_word' id='word_1_791' title='bbox 1040 5581 1173 5651; x_wconf 78' lang='lat' dir='ltr'><strong>iuniorem</strong></span> <span class='ocrx_word' id='word_1_792' title='bbox 1187 5581 1344 5638; x_wconf 79' lang='lat' dir='ltr'><strong>antefertur.</strong></span> <span class='ocrx_word' id='word_1_793' title='bbox 1361 5581 1390 5637; x_wconf 94' lang='lat' dir='ltr'><strong>ln</strong></span> <span class='ocrx_word' id='word_1_794' title='bbox 1404 5597 1455 5654; x_wconf 89' lang='lat' dir='ltr'><strong>qua</strong></span> <span class='ocrx_word' id='word_1_795' title='bbox 1469 5594 1558 5645; x_wconf 82' lang='lat' dir='ltr'><strong>tamen</strong></span> <span class='ocrx_word' id='word_1_796' title='bbox 1573 5605 1636 5661; x_wconf 61' lang='lat' dir='ltr'><strong>par.</strong></span> 
     </span>
     <span class='ocr_line' id='line_1_60' title="bbox 105 5671 1637 5756; baseline 0.005 -28"><span class='ocrx_word' id='word_1_797' title='bbox 105 5683 179 5728; x_wconf 85' lang='lat' dir='ltr'><strong>ouem</strong></span> <span class='ocrx_word' id='word_1_798' title='bbox 194 5671 313 5740; x_wconf 77' lang='lat' dir='ltr'><strong>acutium</strong></span> <span class='ocrx_word' id='word_1_799' title='bbox 333 5671 411 5729; x_wconf 89' lang='lat' dir='ltr'><strong>altius</strong></span> <span class='ocrx_word' id='word_1_800' title='bbox 425 5673 547 5744; x_wconf 80' lang='lat' dir='ltr'><strong>repetitis</strong></span> <span class='ocrx_word' id='word_1_801' title='bbox 563 5680 636 5730; x_wconf 80' lang='lat' dir='ltr'><strong>texat</strong></span> <span class='ocrx_word' id='word_1_802' title='bbox 651 5674 797 5745; x_wconf 81' lang='lat' dir='ltr'><strong>exemplis,</strong></span> <span class='ocrx_word' id='word_1_803' title='bbox 852 5674 918 5731; x_wconf 76' lang='lat' dir='ltr'><strong>darm</strong></span> <span class='ocrx_word' id='word_1_804' title='bbox 933 5672 1085 5733; x_wconf 86' lang='lat' dir='ltr'><strong>diuersitate</strong></span> <span class='ocrx_word' id='word_1_805' title='bbox 1102 5674 1179 5732; x_wconf 87' lang='lat' dir='ltr'><strong>multi</strong></span> <span class='ocrx_word' id='word_1_806' title='bbox 1194 5675 1264 5731; x_wconf 88' lang='lat' dir='ltr'><strong>ctdc</strong></span> <span class='ocrx_word' id='word_1_807' title='bbox 1284 5673 1383 5732; x_wconf 70' lang='lat' dir='ltr'><strong>iudces</strong></span> <span class='ocrx_word' id='word_1_808' title='bbox 1398 5678 1520 5750; x_wconf 85' lang='lat' dir='ltr'><strong>reprobis</strong></span> <span class='ocrx_word' id='word_1_809' title='bbox 1533 5681 1637 5756; x_wconf 72' lang='lat' dir='ltr'><strong>elipan-</strong></span> 
     </span>
    </p>
   </div>
   <div class='ocr_carea' id='block_1_4' title="bbox 0 0 1905 6116">
    <p class='ocr_par' dir='ltr' id='par_1_4' title="bbox 0 0 1905 6116">
     <span class='ocr_line' id='line_1_61' title="bbox 0 0 1905 6116; baseline 0 0"><span class='ocrx_word' id='word_1_810' title='bbox 0 0 1905 6116; x_wconf 95' lang='lat' dir='ltr'><strong> </strong></span> 
     </span>
    </p>
   </div>
  </div>
 </body>
</html>
