3788 6120
130 288 181 345 atti
757 284 784 340 S.
805 283 927 340 nausii
948 282 1152 340 {triectensis
1720 284 1771 342 titt

129 401 144 455 d
163 409 252 470 nogat,
268 398 336 454 tollit
349 395 460 454 ornaiau
473 410 581 453 causare
593 408 646 466 qua
661 392 825 464 Redemptor
838 393 920 448 adre-
933 394 959 454 Α
972 409 1046 457 num,
1062 394 1164 464 inquit,
1185 391 1287 448 tollitur
1301 392 1431 462 originale
1444 402 1597 466 peecatum,
1618 393 1654 450 de
1666 395 1770 455 deolrm

129 493 208 548 ruerit.
224 490 367 546 Videamus
383 500 471 546 utrum
494 505 542 561 pu
561 488 724 545 veluntatem
750 487 796 543 liei
813 502 848 543 aa
872 503 919 557 per
973 485 1114 556 baptizatis
1128 486 1193 550 auti,
1205 485 1304 540 debent
1318 484 1473 543 boccarerc
1485 485 1769 557 peccateQuomode,
1793 505 1797 511 ·

128 586 243 641 leomiaie
263 583 423 653 pravitatem
438 581 531 638 infelix
545 591 572 638 et
586 580 713 637 deflenda
735 579 855 635 ceraditlu
870 580 910 634 iai
974 577 1070 649 inquit,
1085 580 1194 634 mittunt
1208 578 1241 633 ad
1257 587 1397 647 posteros,
1413 579 1485 649 quod
1504 581 1555 649 ipsi
1571 582 1598 635 ia
1613 595 1645 638 ae
1662 582 1771 643 utiuiuae

128 678 193 732 tium
207 675 362 746 sumpserit.
376 674 446 731 dudi
465 673 529 744 quid
553 673 615 729 tuba
636 681 764 744 personet
784 672 906 728 veritatis
972 668 1142 726 itabuerunti
1160 669 1264 738 Quibus
1277 668 1355 726 lacile
1372 670 1552 742 respondetur
1563 671 1633 729 duae
1645 687 1709 731 ease
1722 690 1769 732 ua·

128 769 278 837 Propterea,
300 767 396 838 inquit,
421 768 486 822 eierat
507 781 553 838 per
565 783 656 821 naam·
667 767 796 821 domnam
810 768 838 819 ia
849 764 919 821 burte
973 763 1101 829 civitates,
1111 762 1145 819 de
1159 762 1272 833 quarum
1286 779 1338 819 una
1354 771 1495 835 peccatum
1507 779 1544 820 ea
1556 768 1712 835 generantis
1724 784 1770 825 re·

126 861 250 915 mandem
269 869 400 930 matum
418 859 531 924 intravit,
546 867 570 912 et
584 874 631 930 per
645 867 777 928 precatam
789 874 867 925 aurora,
883 859 921 911 ite
971 854 1073 923 luptatc
1087 855 1290 921 trarrsmittitur;
1309 869 1344 910 ex
1362 853 1414 909 elia
1429 862 1530 924 autent,
1541 857 1766 915 attendentium

126 955 152 1008 in
166 970 254 1008 omnes
265 954 380 1009 ltoadaee
389 969 457 1008 mura
469 953 628 1024 pertransiit,
646 953 673 1006 in
685 969 736 1024 qao
750 968 838 1007 amaea
858 967 919 1023 pec·
973 939 1157 1017 regenerantis
1182 946 1326 1016 adoptione
1348 946 1644 1016 resurrectionem,
1669 949 1765 1020 iuquit,

126 1054 246 1099 raserunt
258 1045 349 1116 (dom.
360 1044 400 1115 r).
412 1042 530 1098 Dicendo
543 1043 665 1113 Pelagius
676 1042 760 1098 edam
778 1042 919 1098 mortalem
973 1042 1083 1098 mittunt
1096 1038 1130 1096 ad
1149 1050 1284 1111 posteros,
1299 1039 1370 1112 qued
1392 1039 1443 1109 ipsi
1457 1040 1485 1096 in
1500 1053 1531 1096 ιι
1545 1039 1658 1097 minime
1669 1040 1766 1098 babae·

127 1136 238 1206 lactum‚
254 1138 281 1192 in
295 1137 382 1207 primo
395 1135 505 1191 lactere
519 1134 613 1190 ordine
631 1134 770 1190 coustituit
791 1144 919 1200 mortem,
972 1132 1054 1188 runtl
1073 1132 1158 1198 Quam
1179 1130 1371 1188 irrationabilis
1391 1139 1419 1187 et
1439 1131 1519 1202 plena
1532 1131 1681 1202 iniquitatis
1693 1131 1767 1204 obje·

126 1241 207 1300 quam
221 1241 349 1298 pronora
364 1225 594 1298 pratarieationis
614 1227 693 1282 tertio
714 1226 798 1297 gradu
812 1232 920 1281 curretat
972 1224 1047 1280 etio!
1077 1222 1135 1277 lion
1159 1221 1201 1278 ris
1224 1229 1253 1276 ut
1274 1222 1463 1278 transiundant
1485 1223 1512 1278 in
1545 1233 1673 1294 posterea
1698 1224 1766 1296 qnod

41 1314 44 1321 ⁴
126 1320 290 1393 impositam.
311 1320 399 1376 llemo
420 1320 491 1376 caim
514 1333 582 1390 opus
607 1318 665 1385 liei,
692 1326 830 1390 peccatum
852 1333 920 1389 opus
972 1322 1076 1370 naturae
1097 1313 1252 1379 est,ctris
1274 1322 1303 1368 ut
1328 1313 1575 1385 eieposeiutrelut
1593 1314 1769 1372 demean·

126 1412 225 1469 ‹baboli
238 1431 245 1468 τ
259 1428 342 1478 mors,
366 1427 445 1482 poena
467 1413 580 1482 peceati.
604 1411 671 1467 llam
699 1411 843 1481 Apostolus
864 1425 918 1465 aaa
970 1403 1043 1461 terro
1062 1403 1133 1474 «quod
1157 1403 1251 1475 gratiae
1264 1404 1322 1459 eetl
1341 1403 1380 1458 lie
1392 1418 1443 1473 qua
1458 1414 1553 1460 nature
1571 1404 1715 1474 Apostolus
1729 1404 1768 1460 di·

125 1503 194 1559 dixit
205 1522 212 1560 :
224 1503 347 1559 uoluntas
357 1503 405 1558 bei
417 1517 501 1567 mors,
515 1501 562 1559 sed
573 1503 726 1573 stipendium
741 1500 838 1570 peccati
849 1515 919 1554 more
971 1498 1008 1554 cit
1025 1514 1033 1552 ε
1049 1497 1148 1564 Eratis,
1168 1497 1264 1566 iuquit,
1285 1505 1378 1549 autera
1394 1496 1444 1566 filii
1458 1497 1504 1550 irae
1519 1493 1602 1566 (Epir.
1615 1495 1659 1568 ιι).
1675 1496 1767 1554 dictito

128 1594 217 1667 (llam
229 1593 279 1664 rr).
291 1593 372 1650 bolus
383 1608 447 1666 ergo
467 1594 525 1664 ejate
540 1595 567 1649 in
579 1593 710 1663 protende
724 1596 850 1657 latentes,
866 1591 918 1646 sol·
971 1592 1046 1663 quasi
1061 1589 1097 1646 de
1111 1590 1220 1659 proprio
1239 1589 1305 1645 dare
1319 1598 1465 1660 nequeunt,
1480 1589 1553 1659 qued
1567 1589 1601 1645 de
1614 1603 1722 1646 aurauru
1740 1599 1767 1646 et

126 1686 226 1743 licitiae
240 1685 424 1754 inspiciamus.
443 1686 505 1742 ldeo
518 1695 632 1742 mertem
647 1682 762 1756 applicat
773 1684 842 1739 carad
855 1681 917 1749 tori,
970 1683 1134 1740 extrinsecus
1148 1692 1320 1752 acceperunt.
1343 1680 1593 1753 imprudentissime
1607 1698 1657 1753 per
1673 1697 1767 1753 paren·

126 1791 167 1846 nt,
181 1780 215 1836 de
227 1795 280 1850 quo
291 1779 461 1850 potis-siarum
475 1778 546 1834 malo
560 1779 665 1833 initium
678 1779 769 1843 ducat,
788 1792 840 1832 nen
854 1790 917 1847 pos-
934 1768 957 1829 B
972 1784 1012 1832 tes
1036 1775 1082 1830 tilii
1107 1773 1267 1830 innocentiae
1291 1772 1434 1843 puritatem
1450 1773 1574 1844 Pelagius
1595 1773 1656 1830 dari
1668 1775 1764 1830 credit.

126 1872 161 1926 sit
174 1871 297 1942 agnosei;
318 1886 351 1926 ac
372 1873 412 1926 sic
435 1871 545 1925 lilaerius
568 1869 685 1924 allirmat
710 1869 825 1923 inientes
846 1884 918 1922 nexu
971 1865 1012 1923 Ad
1024 1875 1164 1936 parentum
1180 1864 1357 1922 ministerium
1371 1865 1625 1922 natiuitassecunda
1638 1881 1693 1923 nou
1706 1883 1766 1938 per·

126 1963 238 2033 originis
258 1977 312 2017 aon
330 1962 424 2017 teneri.
441 1959 516 2028 Quod
532 1974 593 2014 cum
610 1960 686 2027 dicit,
708 1959 808 2028 dup'ici
820 1959 917 2028 impe-
971 1957 1050 2012 tinet.
1066 1953 1189 2011 Ollicium
1211 1956 1267 2011 ruit
1290 1970 1352 2012 esse
1371 1955 1487 2012 beminis
1509 1957 1582 2028 quod
1603 1956 1654 2013 liei
1670 1973 1765 2015 muana

127 2065 183 2110 tate
196 2053 374 2124 blasphemat,
392 2051 499 2107 dumet
519 2061 632 2107 mortem
657 2051 689 2105 ad
711 2051 829 2105 auctoris
848 2050 919 2106 inri-
968 2049 1136 2119 est,utrelut
1149 2050 1264 2120 quodam
1276 2048 1548 2107 lraereditariuurdiae
1562 2066 1611 2123 per
1626 2051 1764 2110 bestiarum

126 2145 197 2201 diam
208 2153 327 2211 reuocat,
338 2153 365 2198 et
377 2142 499 2212 negando
510 2143 638 2212 originale
649 2143 794 2205 vinculum.
805 2144 917 2214 gratiam
968 2155 1059 2201 currat
1080 2143 1263 2214 posteritatem
1292 2143 1363 2213 quod
1387 2153 1461 2200 extra
1486 2144 1633 2201 humanam
1658 2156 1765 2203 currerat

80 2272 81 2276 ,
126 2236 289 2303 reparatoris
302 2243 422 2289 evacuat.
438 2234 528 2303 ltaque
542 2243 570 2288 ut
585 2234 669 2303 possit
686 2248 809 2288 asserere
821 2249 916 2303 parru·
968 2253 1030 2295 esse
1053 2238 1242 2293 substantiam.
1266 2237 1403 2307 originale
1426 2247 1516 2294 autent
1546 2248 1709 2310 peecatum,
1732 2255 1765 2300 ea

126 2327 167 2381 los
178 2324 311 2396 baptismo
324 2339 378 2379 uun
392 2339 482 2394 egere,
504 2324 630 2394 generale
646 2333 784 2394 peccatum
799 2324 916 2394 negarit.
969 2329 1125 2399 parentibus
1148 2327 1230 2384 etiam
1255 2327 1396 2397 baptizatis
1414 2327 1565 2397 percaruie
1583 2330 1716 2401 originem
1731 2331 1764 2388 atl

125 2415 185 2483 Quo
199 2424 306 2486 negato,
323 2416 366 2473 lric
377 2415 444 2471 urdo
459 2415 559 2471 erroris
573 2415 614 2470 aui
637 2417 695 2485 luit,
713 2424 744 2470 ut
760 2415 832 2471 unde
845 2428 918 2471 tuere
971 2418 1042 2499 illios
1057 2418 1173 2474 transire
1187 2432 1240 2473 non
1253 2417 1364 2473 dttblum
1379 2427 1432 2482 est,
1442 2418 1594 2476 dicentibus
1607 2420 1687 2478 nobie
1700 2437 1764 2493 quu-

125 2518 199 2566 aeret
220 2518 347 2580 generata
368 2511 495 2566 nesciret.
516 2511 585 2577 Quid
599 2512 697 2565 mirum
712 2511 734 2565 si
749 2510 871 2566 arborem
885 2508 919 2565 il·
968 2511 1033 2567 tidie
1044 2526 1105 2566 cuna
1120 2509 1352 2581 Proplteta:iu‘cce
1372 2511 1439 2564 caim
1460 2510 1489 2565 itt
1508 2511 1688 2582 iniquitatibaa
1702 2528 1765 2569 cott-

125 2602 179 2657 laut
194 2601 222 2657 ln
233 2598 365 2672 iruetibue
377 2616 430 2657 non
444 2610 671 2674 agnoscensque
686 2603 771 2658 noluit
785 2604 812 2658 ln
826 2602 918 2660 radice
967 2612 1054 2673 ceptae
1064 2618 1130 2670 sam,
1142 2610 1165 2655 et
1178 2602 1203 2655 ia
1214 2600 1312 2656 delictis
1322 2602 1419 2673 peperit
1432 2618 1472 2656 ate
1489 2612 1572 2657 mater
1580 2620 1638 2658 meo
1652 2603 1713 2678 (Pa.
1724 2605 1762 2677 ι).

125 2696 308 2764 eoguoseerel
320 2696 542 2766 Quandoquidem
560 2710 667 2753 causare
680 2696 801 2753 vulneris
813 2696 917 2767 suppri-
968 2691 1045 2748 Sient
1064 2700 1091 2748 ct
1104 2692 1249 2762 apostotus
1263 2691 1334 2748 istud
1349 2692 1498 2749 insanabile
1512 2693 1648 2764 piaculum
1660 2710 1695 2751 ea
1709 2711 1764 2754 uae

125 2785 186 2854 mit,
201 2799 227 2843 et
241 2787 380 2844 abscondit
401 2787 518 2858 gladium
538 2803 592 2858 quo
604 2787 702 2842 rulrrus
722 2786 851 2842 indictum
864 2797 915 2844 ιιι.
968 2784 995 2840 iu
1016 2798 1111 2840 omncs
1127 2783 1249 2840 luemiaes
1272 2785 1452 2854 pertransisse
1463 2786 1616 2843 eoudtmat.
1630 2787 1687 2846 Sed
1699 2788 1764 2846 dieit

126 2879 302 2949 seperiora,
328 2879 544 2950 inquiereres
567 2896 645 2937 mora.
675 2880 742 2948 Quia
766 2880 917 2952 intelligere
967 2876 1092 2948 Pelagius
1120 2876 1182 2933 ideo
1203 2892 1257 2932 non
1280 2890 1341 2932 esse
1363 2873 1494 2948 originale
1516 2886 1678 2948 peccatum,
1700 2879 1764 2950 qta'a

126 2970 275 3041 neglexerit
287 2969 354 3026 tanti
366 2970 515 3041 principem
524 2971 599 3037 mall,
614 2971 675 3027 ideo
690 2971 916 3042 ignoraritimpo·
966 2968 1023 3040 ipsa
1045 2969 1262 3039 concupiscentia
1286 2968 1466 3040 generationis
1489 2984 1524 3025 ex
1543 2968 1600 3025 lieo
1622 2971 1669 3026 sit.
1685 2970 1764 3028 liade

124 3061 204 3115 sitam
222 3059 317 3116 mortis
327 3060 521 3128 conditionem,
530 3061 719 3133 pedissequam
730 3064 913 3132 essepeccati.
966 3068 1054 3115 autent
1069 3060 1161 3115 reniet
1180 3075 1265 3116 ectus
1284 3061 1346 3125 iste,
1362 3060 1407 3131 qui
1424 3074 1473 3131 per
1485 3069 1611 3132 posterus
1633 3061 1763 3133 trabitur,

127 3151 164 3203 lle
176 3164 227 3219 qna
244 3150 346 3219 prelati
360 3165 456 3208 semus
478 3152 636 3223 stipendium
657 3155 753 3222 peceati
776 3171 855 3212 mera.
871 3139 952 3209 lli-C
967 3151 990 3207 si
1013 3150 1153 3221 requirasl
1180 3151 1239 3206 siue
1259 3149 1341 3212 dubio
1360 3165 1410 3222 per
1432 3150 1597 3208 incentivum
1610 3151 1763 3211 maledictas

125 3254 204 3309 gaam
219 3238 367 3296 ιιιιιιιιιιιιιι
392 3241 444 3297 tale
463 3255 532 3313 opus
550 3244 703 3298 mercedem
725 3244 836 3312 recepit,
862 3244 916 3301 tale
967 3243 1149 3314 generationis
1161 3243 1298 3312 ardorem,
1320 3253 1348 3299 et
1360 3257 1407 3313 per
1421 3242 1610 3300 illecebrosum
1622 3246 1764 3317 utriusque

125 3329 289 3399 stipendium
311 3331 410 3388 nrcrult
429 3332 475 3403 qui
495 3332 602 3388 dbbolo
623 3333 757 3388 militarit.
779 3333 855 3391 Unde
867 3348 916 3390 aaa
968 3333 1085 3405 parentis
1098 3332 1260 3405 amplexum.
1277 3333 1344 3388 llam
1358 3347 1419 3389 cum
1434 3333 1507 3390 illem
1520 3334 1607 3390 solem
1622 3335 1715 3394 rideas
1726 3336 1763 3394 ab

125 3419 472 3480 electieaieerideatlssime
481 3423 612 3479 rationem
624 3423 817 3494 redemptionis
826 3434 917 3482 oeten·
966 3424 1090 3497 originali
1114 3425 1260 3481 immunem
1282 3439 1342 3481 esse
1355 3425 1526 3497 contagione,
1549 3425 1596 3498 qui
1611 3442 1665 3483 nort
1678 3442 1761 3486 earne

124 3511 165 3568 alit
177 3520 204 3567 et
216 3513 448 3583 praedicatonem
460 3514 548 3582 :Quid
562 3517 630 3570 enim
647 3531 706 3570 cam
721 3515 807 3570 aditae
818 3518 916 3587 infirmi
966 3514 1015 3572 sed
1036 3515 1142 3586 spiritu,
1156 3528 1206 3571 nee
1219 3515 1401 3572 erubescenda
1416 3517 1551 3587 passione,
1565 3517 1613 3574 aed
1625 3519 1760 3590 stupenda

125 3620 244 3670 mamea,
258 3605 372 3660 cirratas
382 3622 428 3678 pro
441 3607 527 3676 impiis
535 3616 651 3662 mortuae
661 3608 717 3662 eati
730 3606 782 3662 l'ia
791 3609 860 3663 euim
869 3625 915 3678 pre
966 3607 1154 3665 benedictione
1173 3614 1320 3677 conceptus
1342 3615 1405 3676 est,
1428 3622 1545 3679 agnosce
1566 3623 1678 3665 musam
1696 3610 1760 3668 mali

124 3693 192 3759 iaetu
215 3696 273 3764 quie
303 3696 413 3750 moriter
428 3696 524 3766 illem.
546 3697 585 3767 r).
609 3695 666 3753 lloc
688 3704 732 3754 ιιι
750 3696 842 3755 dicere
859 3713 867 3754 :
885 3697 916 3756 st
966 3696 1147 3767 originaliede
1160 3697 1358 3754 oblectamento
1369 3705 1462 3754 uatem
1475 3699 1672 3768 conceptionis,
1686 3699 1760 3757 etde

124 3782 288 3839 abundasset
302 3785 330 3839 iu
341 3786 599 3857 terrieJustitiamoa
610 3786 705 3846 luisset
715 3791 817 3846 ecoelie
828 3798 915 3847 trans·
965 3787 1032 3844 ritio
1046 3787 1201 3857 voluptatis.
1218 3790 1363 3859 Propterea
1385 3791 1467 3847 etiam
1482 3789 1567 3846 Adam
1588 3799 1616 3848 ct
1629 3791 1758 3849 Euareia

124 3873 206 3928 missa
221 3875 365 3930 medicina.
381 3875 435 3934 Sed
449 3885 477 3932 ut
491 3878 631 3940 adveniret
649 3880 726 3937 unica
745 3883 857 3951 sanitas,
867 3897 914 3953 ge·
964 3876 1069 3950 origine
1082 3893 1130 3934 sua
1142 3878 1271 3936 obnoxios
1287 3879 1407 3936 conditio
1419 3881 1470 3937 ista
1484 3896 1538 3937 nun
1554 3882 1651 3950 tenuit,
1664 3884 1757 3955 quiea

124 3965 223 4020 treralle
247 3965 336 4036 eregit
359 3966 512 4025 inllrmltas.
536 3969 607 4028 lnter
629 3972 687 4029 bare
708 3987 768 4030 eum
790 3974 914 4047 Pelagius
964 3970 1078 4028 duorum
1092 3969 1467 4045 ministerioeoruruquuque
1481 3975 1686 4042 ertuaatieaua,
1699 3975 1757 4032 ille·

124 4058 206 4112 taatie
218 4058 421 4130 sacrilegiorum
435 4060 550 4118 vinculis
566 4062 693 4133 illigetur,
712 4079 766 4119 uua
781 4066 912 4122 mirumst
963 4063 1073 4120 cebram
1088 4064 1115 4119 in
1134 4064 1175 4120 sui
1197 4064 1337 4121 nativitate
1349 4075 1376 4121 et
1396 4065 1534 4121 creatione
1555 4065 1681 4122 nescirit.
1702 4065 1757 4124 set

123 4160 172 4219 per
185 4152 331 4221 reprobum
345 4165 454 4208 eenaum
468 4153 610 4224 multiplici
625 4154 745 4210 tradatur
757 4156 854 4218 errori,
866 4156 913 4227 qui
963 4154 1076 4210 lorsltan
1101 4155 1241 4225 requiras,
1264 4170 1346 4227 quare
1370 4157 1397 4214 iu
1421 4165 1553 4228 conceptu
1576 4158 1614 4214 eit
1635 4158 1755 4230 positure

124 4255 173 4309 per
185 4241 271 4297 sulum
284 4241 402 4298 laborem
415 4251 490 4313 putat
500 4256 580 4313 posse
591 4244 699 4300 salvari.
710 4244 805 4300 llerite
816 4254 912 4301 centra
962 4246 1092 4316 originale
1113 4247 1251 4302 delictum.
1268 4249 1373 4304 initium
1395 4250 1477 4304 tutius
1490 4249 1587 4315 ruina,
1600 4248 1754 4307 obedientia

123 4330 203 4400 liujus
229 4332 388 4403 arrogantiae
416 4333 653 4402 presumptionem
688 4349 777 4391 eernru
805 4336 911 4393 diuinus
963 4335 1022 4391 init.
1039 4336 1157 4391 Primum
1173 4337 1245 4393 euim
1269 4338 1404 4394 exaltatos
1419 4340 1510 4405 bento,
1524 4349 1618 4411 postea
1634 4339 1755 4396 bumilia-

122 4424 176 4477 rim
188 4440 243 4479 strae
255 4424 421 4481 auctoritatis
430 4426 472 4482 rel
483 4427 672 4497 increpationis
687 4429 802 4484 exeruit
816 4428 908 4493 Nemo,
963 4444 1005 4487 tus
1020 4441 1062 4488 ιιι
1079 4441 1107 4488 ιι
1125 4431 1263 4488 contusus.
1279 4433 1312 4488 Et
1325 4433 1387 4503 quia
1400 4448 1457 4488 eum
1466 4433 1493 4487 iu
1508 4436 1754 4498 enumeraremus

122 4511 219 4582 lnquit,
234 4516 300 4568 veuit
313 4518 348 4569 od
362 4534 412 4584 me,
430 4517 480 4573 arisi
495 4516 575 4572 Pater
584 4520 719 4573 attraxerit
739 4536 798 4575 eam
817 4519 908 4592 (ioan.
923 4499 1096 4592 Durarettere,
1112 4526 1171 4582 idco
1183 4535 1347 4598 cenrparatate
1365 4534 1404 4582 eat
1420 4526 1547 4598 jumentis
1561 4526 1753 4597 insipientibus,

64 4637 67 4641 ι
123 4600 174 4671 ιι).
200 4602 234 4656 et
252 4605 348 4660 iterum
364 4624 371 4659 :
387 4607 447 4663 Noa
469 4610 586 4679 uolentis,
611 4626 689 4681 aeque
709 4613 844 4679 carceratis,
865 4615 910 4667 aed
962 4623 985 4668 et
999 4616 1090 4670 similia
1110 4617 1192 4687 iactae
1207 4626 1244 4672 ert
1258 4618 1310 4672 iilia
1323 4617 1413 4688 (Ptol.
1426 4615 1535 4690 turtur).
1551 4616 1677 4686 Quaudiu
1689 4632 1753 4689 erge

123 4695 262 4748 miserentis
271 4705 307 4748 est
316 4695 362 4750 tter·
372 4699 460 4766 (llam
473 4702 523 4769 ιι).
531 4700 606 4769 Quod
620 4704 719 4758 merite
726 4703 760 4758 ad
769 4718 799 4758 se
809 4703 909 4759 dictem
961 4705 1032 4760 cirea
1052 4707 1169 4761 auctoris
1182 4705 1340 4777 obsequium
1354 4707 1489 4764 humilitas
1509 4709 1690 4764 reuerentiam
1714 4718 1752 4765 te·

124 4798 183 4840 esse
197 4784 338 4853 reputavit,
359 4788 406 4856 qul
430 4789 542 4845 salutem
555 4807 630 4847 suam
643 4808 705 4848 carru
717 4793 825 4864 Pelagio
844 4811 908 4865 pro·
961 4794 1029 4863 nult,
1042 4796 1189 4853 nuditatem
1210 4797 1376 4853 couscientia
1391 4797 1561 4854 immaculata
1575 4813 1630 4854 non
1651 4799 1750 4866 sensit:

124 4872 182 4942 prio
196 4872 222 4926 iu
237 4872 374 4928 eeleritate
387 4889 418 4929 ac
431 4879 530 4935 virtute
544 4883 692 4938 constituit.
716 4882 791 4952 Quod
816 4886 908 4955 utique
959 4901 1020 4941 cutu
1040 4901 1106 4942 rcro
1119 4887 1165 4943 ilio
1179 4888 1270 4944 auimo
1292 4897 1321 4943 ut
1334 4888 1404 4945 Deus
1424 4877 1507 4955 esset,¹
1521 4898 1631 4960 gustum
1643 4889 1697 4946 cibi
1709 4890 1751 4947 le·

124 4961 163 5019 illi
184 4961 264 5031 objici
288 4977 340 5020 non
364 4979 474 5021 necesse
494 4979 546 5035 est,
567 4972 611 5040 qui
633 4989 686 5027 nun
699 4974 734 5030 de
746 4976 805 5030 solo
818 4977 909 5032 labere
961 4979 1040 5037 titulis
1055 4983 1180 5051 appetiit,
1199 4991 1228 5038 et
1240 4984 1418 5040 damnandam
1431 4984 1606 5056 cupiditatem
1618 4985 1749 5063 inambi-

123 5053 272 5127 presumit,
286 5053 333 5109 sed
348 5057 488 5111 conatibus
502 5061 557 5116 suis
570 5065 752 5132 quo:idiaeam
765 5066 814 5123 liei
828 5067 909 5123 misc·
961 5080 1017 5126 tum
1031 5072 1179 5140 maiestatis
1192 5073 1333 5141 extendit,
1355 5074 1498 5130 immcnrer
1512 5075 1579 5145 legis
1598 5084 1625 5133 et
1640 5077 1753 5132 mauda-

123 5144 266 5204 ricurdiam
285 5153 312 5199 ιι
323 5145 413 5215 jugem
435 5150 547 5216 gratiam
565 5153 758 5223 implorandam
774 5171 909 5228 meeccg·
960 5169 1048 5216 torum
1071 5163 1161 5232 legis,
1192 5158 1300 5219 rebellis
1330 5164 1475 5220 mulctatur
1497 5166 1524 5222 iu
1549 5165 1751 5238 impugnatione

124 5239 227 5304 nestit,
248 5245 276 5291 et
295 5237 425 5291 auritium
449 5239 553 5295 bomini
579 5245 698 5315 pervigili
717 5247 908 5305 obsecratione
959 5253 1152 5307 membrorum.
1176 5252 1209 5307 Et
1228 5253 1291 5307 dum
1305 5252 1486 5321 equalitatem
1502 5253 1608 5311 bomini
1622 5255 1666 5312 sul
1681 5270 1749 5327 pra-

126 5328 255 5399 ⁶⁰P⁰⁵⁰ib
303 5348 306 5353 ’
959 5342 1051 5410 sumit,
1065 5344 1186 5413 corporis
1198 5343 1239 5397 euri
1254 5343 1370 5412 perdidit
1382 5352 1552 5415 potestatem.
1572 5346 1609 5402 lle
1623 5346 1749 5418 superbia

434 5419 546 5476 CAPUT
565 5423 596 5478 ΙΙ.
958 5449 1073 5505 namque
1084 5445 1145 5489 nata
1159 5444 1201 5491 est
1215 5435 1418 5491 incontinentia.
1430 5437 1496 5492 liam
1512 5437 1575 5506 quid
1596 5437 1624 5493 ia
1642 5450 1676 5496 eu
1689 5450 1753 5510 pet·

124 5509 220 5571 Contra
238 5514 433 5572 observatiorem
446 5512 561 5587 Pelagii.
578 5533 629 5588 qao
643 5520 715 5590 dicit,
729 5525 849 5593 paruulos
863 5531 908 5580 oa·
958 5538 1066 5581 cessum
1089 5534 1163 5580 esset
1183 5524 1311 5592 ostendit,
1326 5528 1433 5597 quande
1450 5528 1605 5585 verecunda
1618 5529 1748 5588 courteait.

391 5593 483 5657 inimi>
495 5603 546 5643 Μ
561 5602 644 5659 apere.
958 5614 1100 5672 Processit
1113 5614 1203 5681 elatio,
1219 5624 1309 5671 secuta
1323 5616 1445 5674 corilusie
1459 5626 1510 5674 est.
1524 5620 1680 5677 birieitatis
1692 5634 1746 5676 aar

159 5695 288 5757 attendat
300 5698 382 5756 etiam
395 5697 447 5758 hoc
459 5698 582 5775 Pelagius
593 5715 600 5754 :
611 5697 640 5756 si
659 5713 708 5771 par
719 5701 843 5775 baptismi
857 5704 907 5764 do·
958 5707 1092 5778 tritiores,
1113 5704 1231 5772 dbidmie
1245 5708 1329 5780 coepit
1349 5721 1410 5769 esee
1424 5711 1556 5783 capuam.
1570 5698 1748 5773 Scelerum
