3788 6120
82 216 137 275 aut
420 188 423 193 ’
679 216 857 279 sntsrutls
879 215 922 274 er
942 216 1111 276 necuere.
1655 226 1725 300 uos,

69 341 157 401 facitu
175 338 274 399 scriula
286 339 433 407 reeeosed,
446 346 474 396 et
489 339 589 409 scripta
605 338 650 395 lila
662 338 808 409 diligenter
822 337 863 391 in·
875 339 900 396 Λ
914 338 1131 392 communionem
1154 336 1279 393 catholici
1298 337 1431 397 Timothei
1456 341 1602 398 nsandsnb
1623 344 1708 415 recipi

68 434 209 505 vestigari,
226 448 287 503 quas
307 431 341 487 ad
360 432 465 501 apicem
484 446 596 487 summe
614 428 769 500 regrediens
790 436 865 497 pote·
916 429 981 498 (uon
1005 431 1085 485 etium
1111 429 1145 484 ad
1173 430 1242 485 male
1264 433 1418 502 praesumpti
1445 434 1543 504 paruus
1568 434 1707 506 prtrlegta

66 524 151 581 smus
168 524 202 579 ad
216 522 387 579 decessorem
406 536 495 578 meunt
511 522 595 591 pietas
609 530 653 576 tua
667 535 717 592 pru
729 519 864 577 communi
914 520 1096 576 decreveratis
1106 519 1233 592 admitti),
1245 533 1442 593 consequenter
1452 524 1583 581 addentes
1593 537 1708 585 ceteros

66 615 250 687 gratulatione
267 614 365 670 direxit
380 631 387 666 t
402 614 444 667 his
461 628 521 667 cnm
542 626 650 681 semper
669 625 764 682 tnagna
785 609 865 664 lautis
914 611 1048 667 deteriora
1072 611 1223 677 subituros,
1249 610 1272 666 si
1294 613 1393 682 eligere
1414 615 1523 671 otelicra
1544 617 1704 676 noluissent.

67 705 260 777 prosequeris,
281 703 352 775 qnod
372 703 526 759 haereticam
546 702 713 774 tyrannidem
736 699 864 770 praedica-
917 702 970 757 Vos
989 701 1131 771 crrjnslibet
1149 711 1206 772 post
1229 701 1277 756 bas
1297 703 1385 758 sarias
1403 705 1592 766 satisfactionis
1607 724 1705 767 caunas

68 797 154 852 tionis
167 794 306 852 catlsnlicte
322 795 414 863 rigore
433 794 602 863 contriseris,
617 808 668 863 qua
683 793 774 863 titique
787 792 863 846 istius
913 794 1017 849 curretis
1038 796 1142 863 penitus
1160 795 1318 861 obstulistis,
1337 796 1434 866 quibus
1454 799 1527 868 ipsos
1545 801 1582 857 ab
1594 806 1705 862 unitatis

67 888 190 943 veritatis
203 886 393 957 predicatione
406 886 471 940 trilril
482 886 553 940 aliud
564 900 644 955 quam
654 885 688 940 de
697 882 863 954 butyctitaoo
912 889 1048 942 consortio
1063 888 1247 955 discedentes,
1270 891 1441 946 recensuistis
1456 894 1550 949 tulisse
1560 894 1702 964 judiciuin.

51 962 282 1039 'summersam
296 997 407 1052 prorsus
419 981 561 1045 abolendo,
577 981 688 1051 eiusque
701 979 862 1049 sequacibus
914 977 968 1032 Vos
982 979 1015 1034 de
1034 978 1118 1048 ipsius
1133 994 1244 1048 persona
1262 981 1332 1036 Petri
1353 982 1497 1053 quidquam
1512 984 1603 1041 denuo
1621 988 1704 1044 delri-

65 1074 253 1129 eseludendis.
276 1073 339 1128 linc
354 1089 403 1143 pro
417 1074 513 1144 synodi
524 1072 751 1128 Chalcedonensis
766 1070 862 1125 deflui·
911 1071 1001 1132 calidi,
1013 1071 1128 1139 sentienti
1137 1071 1352 1127 consideratione
1362 1074 1481 1130 tacuistis
1494 1092 1502 1128 :
1513 1075 1612 1148 qnippe
1622 1093 1702 1150 qnenr

66 1164 144 1219 tium
164 1164 306 1228 seranda,
322 1165 527 1234 reducendoque
547 1173 646 1218 sanctae
666 1166 803 1217 memorise
817 1163 862 1216 'l'i·
913 1160 1041 1215 Ecclesiae
1066 1176 1130 1215 arce
1151 1159 1304 1231 dejectum,
1333 1163 1412 1218 simul
1440 1166 1544 1232 porussi
1573 1168 1702 1237 pontilicii

63 1255 179 1310 tnutben
198 1265 279 1311 reete
296 1250 357 1309 fidei
379 1256 529 1320 sacerdote,
546 1263 600 1309 tota
615 1269 663 1309 ιιιι
681 1262 770 1309 textus
790 1255 861 1308 serie
913 1251 1040 1308 rideretis
1069 1253 1171 1308 bonore
1196 1253 1341 1319 nudatum
1377 1269 1428 1311 nec
1456 1256 1511 1312 ullo
1535 1260 1616 1315 medo
1641 1259 1700 1316 lieri

63 1348 112 1416 pie
126 1348 212 1403 locuta
226 1360 278 1404 est.
294 1347 442 1403 flectente
461 1358 505 1403 tna
521 1348 698 1403 rrrattsuetudo
718 1347 858 1417 cognovit:
912 1356 1006 1410 posse,
1028 1352 1056 1397 nt
1076 1358 1196 1412 unquam
1217 1345 1258 1401 rel
1283 1344 1442 1401 orthodoxis
1462 1349 1634 1417 presideret,
1653 1352 1700 1423 qui

62 1452 118 1495 ttcc
137 1454 180 1495 rea
197 1439 347 1509 ittcognitas
362 1449 405 1494 tna
425 1441 566 1494 clenreutia
583 1439 703 1507 prolerre
718 1438 859 1509 potuisset,
910 1443 984 1487 anta
1003 1435 1092 1499 nullis,
1112 1443 1159 1489 aut
1178 1435 1213 1489 ab
1227 1434 1361 1492 haereticis
1382 1437 1470 1494 fuerat
1488 1439 1636 1507 institutus,
1655 1445 1699 1502 tei

60 1541 92 1587 a
110 1531 199 1600 „nm
214 1540 361 1602 ‚perteque
382 1531 512 1602 protensa,
528 1533 600 1604 quon
622 1533 731 1589 inunum
752 1544 859 1589 tunsum
909 1526 1025 1581 recidiva
1045 1529 1123 1582 toties
1141 1528 1292 1584 temeritate
1306 1530 1439 1586 uiolentus
1451 1532 1523 1589 erile
1535 1534 1698 1593 dominicum

63 1620 256 1679 insidentibus
271 1622 395 1678 llrmssti.
909 1617 1039 1672 subdolus
1052 1627 1080 1672 et
1094 1619 1241 1675 insidiosus
1256 1619 1376 1677 lustraret.

100 1710 282 1784 disquirantur
293 1713 337 1769 illa
351 1728 469 1784 qnoque,
484 1729 544 1784 qnae
557 1715 591 1770 ad
603 1726 704 1771 sancte
718 1707 896 1772 tncmsrrieeii
944 1714 1030 1780 bhquc
1050 1711 1111 1766 ideo
1131 1711 1204 1782 quod
1222 1714 1390 1785 corrigendis
1410 1714 1468 1784 elus
1492 1718 1698 1788 praetendebatis

61 1800 238 1861 Timotheum
261 1804 442 1860 orthodoxum
466 1804 676 1861 Alexandrinum
698 1808 855 1877 episcopum
906 1803 1082 1859 sectatoribus
1105 1803 1288 1874 irrogandum,
1311 1806 1372 1860 huic
1393 1806 1449 1875 iant
1473 1811 1548 1880 quasl
1570 1813 1697 1882 magistro

61 1894 218 1955 miletis
237 1903 290 1951 tua
308 1895 412 1967 pagine
432 1905 495 1953 suut
517 1896 624 1963 locutae,
638 1906 720 1967 atqua
738 1914 770 1953 es
791 1899 856 1968 ipsis
906 1895 1016 1952 sceleris
1030 1897 1225 1953 rationabiliter
1237 1898 1410 1967 duputabatis
1424 1900 1552 1957 inflictum
1568 1920 1577 1957 a
1592 1913 1623 1959 ut
1634 1905 1696 1976 qni·

61 1986 169 2045 scalke
191 1987 539 2055 incarminationes
562 2005 594 2046 ea
618 2000 765 2046 memorata
789 1994 856 2048 urbe
906 1987 956 2041 but
966 1986 1063 2042 fratres
1072 1995 1204 2043 merserat
1214 1989 1248 2043 ad
1260 1991 1375 2060 ruinam,
1390 1990 1471 2046 fleret-
1479 1993 1536 2062 ipsc
1547 1995 1697 2052 metuendas

60 2081 181 2149 muso,
193 2080 240 2151 qui
262 2081 288 2136 ei
311 2080 437 2138 Ecclesiae
463 2091 526 2138 tuoe
551 2083 680 2152 temporis
700 2083 853 2151 inscribebat,
904 2076 1085 2135 damnationis
1103 2079 1279 2149 exemplum:
1300 2081 1425 2152 quodque
1442 2083 1511 2139 tdcu
1531 2098 1625 2141 vuum
1643 2098 1696 2151 esf.

61 2170 245 2243 supradictum
257 2170 427 2228 Timotheum
448 2186 501 2228 uon
517 2171 600 2229 fnisse
618 2184 784 2229 reuocatum.
803 2175 855 2230 ihs
905 2177 933 2224 nt
946 2178 1099 2239 supsmtarc
1114 2171 1267 2227 uenerande
1279 2171 1422 2229 Tiritotlreo
1435 2175 1566 2245 legionem
1581 2179 1697 2237 sollicite

61 2262 235 2319 adeundeut
249 2263 408 2319 venerandae
424 2263 620 2320 recordationis
634 2265 786 2331 pontificem
798 2265 854 2335 iarn
902 2260 1056 2332 jusseritis,
1082 2262 1104 2316 si
1131 2261 1219 2318 eidem
1245 2263 1400 2320 humanitus
1425 2265 1525 2335 aliquid
1550 2273 1695 2326 erenlsset.

61 2354 204 2412 ιιιΙιιιιιιιι
225 2368 318 2411 tecm
337 2355 505 2412 reiterabiles
527 2370 589 2410 mua
612 2356 734 2421 dedistis,
757 2358 855 2426 quibus
907 2352 959 2409 Vos
974 2368 1027 2408 noo
1042 2353 1094 2410 nisi
1108 2352 1143 2409 tic
1154 2354 1349 2410 catholicorum
1364 2357 1481 2428 collegio
1493 2359 1653 2415 clericorum
1668 2371 1696 2419 et

62 2446 139 2505 tdslt
157 2456 266 2519 peetsre
287 2447 487 2519 gloriabamini,
511 2447 581 2518 qnod
603 2456 702 2502 misem
727 2447 855 2503 Ecclesiae
903 2443 1070 2500 acatholicis
1088 2454 1275 2500 consecratum
1294 2447 1415 2503 subiistis
1433 2448 1525 2506 videre
1544 2463 1694 2520 pastorem:

61 2552 169 2611 magnas
187 2538 304 2594 stultum
318 2537 510 2595 Alexandrinae
530 2538 676 2609 providens
696 2537 855 2593 orthodorac
904 2533 966 2604 quia
980 2535 1080 2604 ubique
1092 2535 1166 2590 nullo
1181 2534 1233 2590 ritu
1247 2536 1300 2591 sub
1313 2547 1409 2593 vestrm
1424 2542 1578 2597 screnitais
1591 2544 1695 2599 obtuti-

60 2626 137 2695 adet,
150 2626 279 2685 buntisrua
297 2638 390 2684 noster
410 2644 442 2684 ac
456 2628 581 2686 salrator
595 2643 688 2685 rerum
707 2631 855 2686 restitnerit
904 2625 954 2681 bes
976 2627 1087 2682 heresis
1109 2627 1168 2696 ipsc
1191 2627 1342 2698 praecipuus
1356 2628 1529 2700 surrentino
1553 2635 1695 2692 clementio

59 2719 241 2779 uuerdutettt.
263 2720 314 2779 ilbi
331 2722 500 2780 manifestum
525 2731 577 2789 est,
600 2723 663 2794 qnia
679 2739 740 2778 cum
760 2738 853 2779 uertunt
903 2717 991 2787 putuit
1009 2732 1069 2774 esse
1088 2719 1131 2774 vel
1152 2719 1204 2775 dici
1225 2720 1369 2777 orthodoxi
1391 2737 1532 2781 successor
1555 2728 1694 2784 antistitis.

59 2812 162 2881 dicitis,
172 2814 247 2870 illum
259 2814 343 2871 fuisse
356 2814 453 2871 falsum
467 2815 512 2886 qul
526 2815 619 2885 pulsus
632 2825 683 2879 est,
696 2815 852 2883 ostenditis;
897 2806 963 2875 Quo
985 2805 1063 2877 igitur
1080 2808 1170 2864 animo
1190 2809 1303 2866 bestiam
1327 2826 1407 2881 qnam
1426 2827 1441 2866 a
1454 2817 1580 2887 gregibus
1593 2817 1695 2876 Christi

58 2914 162 2963 amm
188 2907 216 2961 iu
241 2907 395 2964 scoenndo
421 2907 565 2963 Timotheo
596 2908 746 2964 orthodoso
773 2907 852 2964 fldem
904 2899 1018 2956 duxistis
1031 2887 1233 2973 abigendum'iu
1256 2919 1349 2959 eorum
1364 2903 1452 2962 denuo
1466 2909 1585 2978 patimini
1599 2914 1696 2969 saeuire

59 2994 202 3053 minum
212 2998 345 3055 memini
356 2998 506 3066 mississe,
519 3013 674 3069 perversam
689 3000 715 3054 in
728 2999 854 3056 omnibus
904 2994 1072 3064 pernicicm?
1097 2994 1178 3051 Certe
1197 2994 1300 3066 legibus
1314 3012 1381 3066 quas
1399 2997 1530 3056 uniuersis
1546 3003 1694 3072 imponitis,

59 3084 89 3145 ie
109 3086 193 3143 Petro
216 3088 362 3158 perhibetis
386 3089 519 3146 refutasse
543 3089 716 3157 doctrinam,
742 3105 795 3147 uon
819 3062 890 3149 nbc
905 3084 989 3155 magis
999 3084 1079 3141 vultis
1089 3084 1159 3141 rioci
1168 3068 1248 3156 quam
1259 3089 1696 3165 nmmutgareeontraria3quautn
1725 3084 1735 3098 '

59 3178 145 3247 abed,
159 3179 210 3236 nisi
228 3178 291 3251 qula
309 3187 338 3237 ot
355 3180 401 3236 ilie
420 3181 464 3252 qni
484 3182 649 3239 orthodoxus
669 3186 855 3253 pronuntiatur
904 3177 989 3232 satius
1012 3175 1108 3241 fuerit,
1134 3176 1292 3233 intemerata
1316 3179 1460 3247 persistere
1482 3198 1543 3252 quac
1566 3184 1624 3239 heri
1648 3200 1696 3256 pru

59 3280 91 3331 et
117 3286 210 3340 uerus,
233 3272 445 3329 clialeedoueusi
470 3275 574 3345 syuodo
605 3275 686 3346 (sictut
708 3277 767 3346 ejus
792 3285 855 3333 tutte
906 3267 1059 3337 integritate
1073 3268 1214 3325 retinenda
1230 3270 1312 3326 totius
1327 3271 1454 3327 Eeelmin
1470 3275 1628 3344 protulistis,
1642 3294 1697 3347 quo

60 3363 147 3421 niusa
172 3372 246 3421 tenet
276 3363 421 3438 professio)
446 3366 649 3432 coissentiebat3
678 3376 707 3423 et
733 3367 784 3423 isto
808 3367 854 3438 qui
905 3361 985 3415 sttui
1000 3360 1124 3416 catholici
1139 3360 1401 3431 imperiianctoritas
1416 3365 1572 3422 inconuulsa
1587 3383 1697 3437 perma-

59 3456 147 3515 fauna
173 3467 201 3514 et
229 3471 372 3527 perversus
396 3456 518 3528 ejicitur,
545 3458 580 3512 ab
605 3457 726 3529 ejusdem
759 3459 854 3531 sgnodl
905 3459 977 3514 neat,
997 3461 1024 3506 et
1041 3450 1108 3505 uilril
1126 3451 1238 3506 accedat
1253 3452 1324 3521 quod
1344 3454 1448 3510 actibus
1468 3458 1538 3526 apud
1555 3459 1696 3518 bominum

56 3548 169 3607 haurite
190 3548 371 3620 discrepabat.
904 3551 1002 3598 restrae
1019 3542 1138 3597 felicitati
1152 3542 1274 3598 obsistat.

94 3638 218 3710 [tusique
237 3650 348 3696 cunctos
366 3640 506 3711 episeopus
521 3639 642 3713 AEquti‚
663 3641 856 3713 universosque
939 3631 1036 3689 Curtiis
1050 3634 1133 3702 enirn,
1149 3634 1309 3690 venerabilis
1330 3634 1484 3705 imperator,
1500 3637 1561 3708 qnia
1575 3648 1603 3695 ut
1616 3639 1697 3698 clust-

55 3730 151 3789 cicrus
165 3730 248 3806 [forte
259 3729 376 3803 clericos]
397 3732 567 3804 increpastis,
584 3734 681 3789 restris
693 3735 856 3805 generaliter
905 3729 1065 3785 cedouensis
1084 3728 1181 3800 synodi
1203 3728 1348 3783 indubitata
1370 3729 1503 3797 defensio,
1529 3734 1697 3792 itrirnicurunr

56 3822 182 3892 anseisus
195 3823 359 3890 sancientes,
373 3832 403 3879 nt
417 3823 468 3879 uisi
483 3826 552 3880 intra
567 3825 635 3880 dnos
649 3840 756 3881 menses
769 3825 802 3881 ab
813 3825 856 3881 bis
906 3823 965 3889 ejus
978 3822 1052 3876 elisio
1066 3830 1119 3886 est,
1133 3822 1172 3875 sic
1184 3821 1302 3876 vicissim
1318 3821 1458 3878 manifesta
1472 3823 1544 3880 illins
1557 3826 1698 3898 iorpngna.

56 3927 157 3985 qnos
180 3913 311 3984 principio
333 3924 427 3969 contra
450 3928 580 3982 meones,
605 3922 697 3970 onuba
719 3915 856 3972 Ecclesias
908 3914 980 3968 tione
994 3915 1185 3983 comprobatur
1200 3911 1315 3967 hostium
1330 3914 1489 3970 uenerande
1509 3919 1591 3987 ipsius
1604 3919 1699 3990 cogni·

55 4004 120 4072 liei,
133 4016 227 4060 eontra
238 4004 414 4061 orthodoxam
426 4005 505 4062 fidem
525 4007 720 4077 cogitaverunt,
738 4006 856 4065 abstine·
907 4005 987 4059 tionis
1007 3999 1192 4076 [protectionis]
1212 4003 1325 4059 erectio.
1346 4003 1505 4060 blcmiuistis
1523 4008 1698 4076 quemadmo-

56 4102 132 4159 reat,
143 4106 225 4164 atque
238 4094 309 4151 beati
319 4094 453 4151 Timothei
467 4098 668 4162 communione,
681 4111 761 4167 quam
775 4098 857 4167 impie
907 4095 970 4150 dnm
991 4095 1073 4150 uerba
1094 4095 1186 4148 diuina
1207 4107 1256 4148 uos
1272 4095 1414 4158 instruant,
1432 4094 1521 4164 Neque
1540 4098 1568 4150 in
1581 4096 1698 4154 demmin

56 4187 343 4259 reformamusque
362 4190 528 4259 poenitentiae
547 4188 731 4246 satisfactione
751 4206 856 4248 remea·
907 4202 988 4258 neque
1002 4188 1028 4241 iu
1039 4188 1172 4240 sinistrum
1185 4185 1290 4239 limitem
1299 4194 1374 4240 rectae
1383 4185 1556 4257 dispositionis
1567 4187 1698 4253 medere,

58 4288 138 4346 reut3
163 4294 218 4336 nen
242 4282 329 4336 solum
354 4280 544 4351 despoliandos
572 4281 738 4349 laesoribus,
763 4299 856 4340 rernrn
908 4286 952 4337 ted
972 4282 1012 4336 uin
1034 4279 1216 4351 (discriptum
1230 4278 1284 4350 cst)
1307 4279 1379 4351 repis
1403 4280 1536 4350 mediaque
1557 4280 1698 4352 qrndiertdo

57 4370 142 4427 etla-
163 4378 192 4425 et
207 4370 388 4428 Alexandrina
410 4376 476 4429 urbe
494 4381 522 4429 ct
541 4372 615 4428 omui
629 4371 788 4443 AEgyptiaca
814 4393 858 4432 re·
909 4375 998 4447 (beni.
1015 4376 1090 4444 ssu),
1115 4374 1176 4429 binc
1196 4373 1350 4445 atqueiodo
1362 4373 1478 4429 Nestorii
1492 4374 1699 4447 dutyebetisque

56 4466 142 4536 gione
160 4464 294 4521 caritmos
309 4480 317 4519 t
334 4464 460 4535 iniustum
478 4469 550 4523 enim
573 4470 670 4539 rideri,
693 4473 763 4528 sicut
776 4470 854 4529 Chri·
870 4436 1046 4536 ”sacrilegia
1060 4466 1237 4520 condemnata
1251 4464 1404 4533 detestans,
1420 4466 1458 4519 ita
1474 4479 1577 4534 magone
1593 4465 1699 4534 pictatis

58 4558 166 4613 stiaons
177 4557 324 4628 imperatur
332 4558 481 4627 affirmans,
492 4573 520 4617 nt
532 4564 577 4633 qui
590 4564 637 4619 se‘
649 4563 682 4619 ad
694 4565 853 4630 Ecclesiam,
906 4559 1056 4631 predicans
1077 4566 1285 4623 sacramentum,
1302 4565 1332 4610 nt
1345 4557 1534 4625 omnipotentis
1551 4556 1598 4612 bei
1612 4557 1700 4615 f’atris

57 4664 123 4720 ιιιιι
147 4647 247 4721 ubique
269 4658 400 4706 terrarum
423 4661 486 4720 est,
512 4664 701 4726 segregarent,
726 4655 855 4713 baberent
905 4649 1133 4707 consubstantiale
1153 4648 1399 4719 sempiternumque
1415 4648 1542 4714 verbum,
1563 4651 1635 4721 quod
1655 4653 1699 4708 in·

56 4741 229 4808 sacerdotes,
242 4753 290 4797 aut
304 4743 360 4798 ullo
373 4758 451 4799 sacro
470 4747 613 4803 ministerii
635 4749 743 4805 nuntius
758 4764 854 4805 oense·
906 4728 1088 4799 commutabili
1108 4740 1208 4797 deitate
1228 4748 1256 4795 et
1277 4738 1444 4796 incarnatum
1462 4750 1513 4808 est,
1534 4751 1563 4797 et
1582 4744 1617 4797 ab
1639 4742 1699 4814 ipso

57 4840 167 4888 muter.
186 4831 240 4887 Tot
260 4833 369 4904 indigne
389 4834 504 4892 ferentes
527 4838 561 4893 ab
574 4840 763 4896 Alexandrinis
783 4843 854 4898 sedi·
906 4835 1048 4892 ineffabilis
1068 4833 1251 4903 conceptionis
1265 4833 1386 4898 exordio,
1401 4847 1483 4903 quam
1504 4833 1555 4890 sibi
1575 4835 1602 4890 iu
1622 4845 1698 4891 utero

55 4926 149 4979 tiones
158 4925 314 4991 concitatas,
327 4940 374 4982 eos
385 4928 429 4999 qni
444 4939 553 4999 propter
565 4932 686 4988 uidissem
699 4934 851 4990 eterit-stom
909 4928 1024 4998 Virginis
1037 4928 1131 4982 matris
1142 4933 1266 4996 potenter
1278 4926 1415 4991 instruxit,
1427 4941 1509 4980 unum
1522 4927 1699 4997 eumdemque

54 5014 140 5070 simili
155 5013 313 5084 deceptione
330 5019 499 5088 tenebantur,
514 5020 565 5076 nisi
579 5023 742 5080 salutaribus
762 5026 849 5082 moni·
906 5021 997 5079 lesum
1010 5019 1145 5076 christum
1161 5017 1302 5072 bominum
1316 5024 1447 5081 nostrum,
1463 5031 1545 5071 unum
1559 5018 1698 5073 enrsrdenr·

54 5108 94 5163 tia
105 5105 259 5172 obedirent,
274 5108 319 5164 tali
333 5123 412 5178 poena
425 5109 521 5182 dignm
535 5112 746 5175 arbitrabamini.
907 5129 960 5186 quc
972 5122 1000 5169 et
1012 5111 1059 5169 bei
1073 5119 1100 5166 et
1113 5108 1230 5165 beminis
1244 5106 1353 5173 Filium,
1369 5122 1450 5162 unum
1465 5108 1643 5179 eumdemque
1658 5109 1699 5163 in·

93 5194 151 5252 Vos
162 5196 270 5253 Petrum
284 5200 395 5270 speciali
409 5210 534 5259 numutes
547 5203 645 5275 elogio,
661 5205 732 5275 quod
759 5206 851 5264 illicite
907 5204 1033 5270 confuse,
1050 5200 1164 5258 indivise
1179 5198 1262 5254 beorn
1282 5197 1472 5270 hominemque
1493 5197 1624 5254 ueraciter
1638 5211 1698 5266 per-

50 5304 88 5347 ιι
101 5289 293 5348 Alexandrinae
315 5293 451 5364 injecisset
466 5296 606 5366 Ecclesiae,
623 5312 719 5354 omenes
732 5300 777 5370 qui
795 5308 850 5356 tam
878 5359 881 5364 ,
907 5304 1058 5353 manentem
1079 5292 1236 5347 intemerata
1251 5287 1337 5343 Patris
1359 5289 1418 5359 lege
1430 5289 1576 5359 prolatum,
1599 5286 1626 5341 ia
1646 5290 1698 5341 boc

50 5380 92 5439 ab
104 5396 232 5453 coquam
246 5385 373 5442 haeretico
384 5387 526 5444 Timotheo
538 5389 592 5458 jam
603 5387 731 5445 defuncto
747 5392 851 5448 fuerant
907 5388 1008 5445 mutrdo
1021 5387 1103 5442 fuisse
1115 5384 1289 5454 conspicuum
1303 5379 1497 5459 [permissioni
1510 5378 1601 5436 diviua
1615 5376 1696 5432 sinrui

50 5472 191 5543 ordinati,
210 5475 233 5531 sf
257 5475 327 5532 lufra
351 5476 423 5535 biritu
448 5488 568 5550 tempora
592 5481 793 5551 resipiscerent,
815 5482 849 5539 ad
906 5481 1076 5552 humanaque
1099 5478 1229 5559 gessisset
1251 5485 1401 5542 mortuum,
1423 5482 1503 5542 atque
1526 5484 1559 5526 es
1583 5470 1695 5524 murrinis

91 5659 101 5688 ¹
116 5655 198 5711 Ferte
207 5657 237 5711 ab
246 5657 361 5716 Ecclesia
373 5661 413 5717 tel
428 5660 709 5721 munsnsbcetesinns.
719 5664 850 5723 ltssnnnn
