3788 6120
129 265 187 320 tte

859 263 1024 321 cthlllha.
1730 273 1779 328 ’tlh

130 380 303 454 Porphyrion
316 379 431 452 Pangaea
443 379 523 450 rapit,
537 377 738 449 Rhodopenque
748 376 930 432 Adamasthor
944 382 968 440 lt
984 376 1011 433 Si
1026 389 1094 446 quos
1106 391 1171 447 crgo
1185 377 1290 450 chelys,
1301 380 1323 436 si
1337 397 1406 451 quos
1420 383 1488 453 lyra,
1501 383 1564 440 tihia
1576 384 1599 439 si
1613 400 1681 454 quos

130 474 291 546 Strynnonio
306 489 366 529 cum
384 474 457 528 tonte
472 469 554 539 levat,
569 473 733 542 ueniensque
746 485 865 540 superne

133 564 239 621 intorto
252 564 370 620 calidum
385 563 527 634 restinguit
541 562 651 616 humine
665 560 778 617 iulmen.

134 656 184 714 ilic
200 657 290 713 Pallas
303 656 424 710 Pallanta
440 656 517 725 petit,
533 654 575 709 cui
587 654 712 724 Gorgone
725 652 782 708 risa

134 749 241 807 invenit
256 748 374 803 solidum
388 746 444 816 jam
460 746 552 802 lancea
567 744 642 800 tarda
657 743 783 800 cadauer.
888 809 894 815 .

135 842 217 916 375
238 841 286 897 liic
305 838 428 896 Lemnon
450 853 498 910 pro
516 837 602 893 iratre
620 837 712 893 blimas
732 842 827 891 eontra
850 832 933 904 aegida

683 982 688 991 ,
767 924 897 996 [torquet‚

138 1025 342 1097 impulsumque
356 1022 443 1094 quatit
453 1019 615 1092 jaculabulis
628 1017 714 1074 insula
729 1017 840 1073 eoelum.

137 1116 278 1174 Plurimus
293 1114 337 1170 hie
352 1113 479 1169 Briareus
491 1112 621 1183 populoso
634 1123 748 1180 corpore
762 1116 872 1179 pugnat,

138 1209 289 1280 Cognatam
307 1215 418 1278 portans
432 1205 530 1282 aciem,
543 1202 587 1258 cui
603 1200 704 1257 vertice
715 1199 750 1254 ab
764 1213 817 1255 unc

138 1301 243 1356 &ruas
258 1297 373 1354 ramosis
389 1297 491 1367 palmas
506 1293 632 1349 trutieare
643 1292 761 1347 lacertis.

139 1388 194 1444 Nec
210 1389 318 1460 species
328 1388 400 1444 solas
413 1386 553 1456 monstris,
568 1383 642 1454 dedit
660 1393 718 1437 arte
730 1382 847 1437 lurorem
917 1400 919 1404 ³

140 1480 286 1550 dulciter,
303 1488 384 1551 atque
396 1479 470 1549 ipsas
484 1465 571 1533 timuit
584 1489 650 1545 quas
665 1474 780 1530 honerat
795 1475 860 1528 iras.

142 1569 252 1626 llastam
266 1570 362 1627 dextra
376 1578 461 1637 tenet,
483 1583 569 1638 nuper
581 1581 660 1637 quam
676 1574 689 1602 ι
704 1565 774 1622 ralle
790 1563 936 1635 Aracynthi

142 1662 201 1734 ipsa
218 1661 270 1717 sibi
283 1662 369 1732 posita
380 1660 469 1718 Pallas
482 1659 616 1730 protraxit
629 1658 709 1713 elisa.

139 1752 200 1808 iloc
214 1761 331 1810 steterat
343 1752 433 1823 genio,
448 1766 530 1821 super
544 1758 573 1805 ut
585 1746 696 1819 vestigia
712 1747 780 1804 dirae

140 1843 280 1900 habentes
294 1850 385 1899 teneat
394 1840 558 1898 Marathonia
570 1840 652 1896 bacca
668 1847 794 1908 trapetas.

175 1937 229 1992 ilic
240 1937 294 1991 duo
307 1935 403 2004 templa
417 1936 527 2002 micant,
542 1948 656 2009 quorum
670 1931 852 2002 supereminet
869 1946 937 1986 unus

134 2029 175 2087 Ut
186 2027 307 2094 meritis,
322 2027 362 2081 sic
376 2025 535 2092 sedelocus,
551 2025 596 2095 qni
609 2023 732 2080 continet
741 2023 795 2077 alta

127 2121 306 2179 Scrutantes
321 2118 424 2173 ratione
437 2118 522 2182 rinos,
536 2115 600 2187 qnid
615 2114 738 2170 machina
753 2113 826 2181 coeli,

126 2213 214 2283 Quid
230 2211 322 2277 tellus,
338 2207 403 2279 quid
416 2209 487 2263 iossa
502 2207 593 2273 maris,
608 2206 671 2277 quid
685 2204 806 2262 turbidus
820 2219 877 2269 aer,

123 2302 216 2375 Quid
230 2300 319 2359 noctis
333 2299 455 2371 lucisque
470 2298 554 2366 vices,
570 2297 635 2368 quid
650 2305 788 2352 menstrua
804 2296 873 2350 luna

122 2395 315 2451 incrementa
329 2395 435 2463 parent,
451 2386 561 2443 totidem
575 2402 622 2442 cur
635 2385 733 2440 damna
746 2393 901 2457 sequantur.

122 2485 222 2542 llicet
237 2482 282 2538 bic
296 2480 394 2538 samnii
405 2477 526 2535 resident
539 2485 642 2547 septem
656 2477 802 2546 sapientes,

121 2571 385 2633 lnnumembilium
396 2570 542 2641 primordia
553 2569 788 2640 philosophorum.

124 2667 249 2725 'Thales
264 2665 355 2722 biileto
368 2664 476 2735 genitus
489 2661 640 2718 vadimonia
655 2661 774 2733 damnat,

124 2759 252 2833 Lyndie
265 2766 294 2814 tu
307 2754 437 2812 Cleobule
450 2753 529 2825 jubes
541 2754 637 2810 modus
651 2756 768 2825 optimus
782 2753 867 2817 utsii,

125 2849 181 2908 Ἱιι
200 2847 339 2905 meditans
360 2855 450 2902 totunr
462 2846 575 2902 decoras
592 2844 742 2901 Periandro
759 2843 920 2912 Corinthon,

985 465 1123 522 Ediderint
1140 483 1200 523 cum
1216 484 1282 526 rcce
1294 471 1399 538 modos,
1416 475 1553 546 exemplar
1565 476 1600 531 ad
1616 477 1688 533 istud

984 556 1154 615 Ponderibus
1169 560 1274 629 positis,
1289 573 1418 631 quantum
1435 580 1533 634 propor
1547 569 1572 624 io
1585 569 1690 635 suadet,

984 649 1128 704 intervalla
1144 653 1219 722 sequi
1232 654 1336 722 septeni
1352 653 1452 710 sideris
1462 657 1527 712 edit.

985 738 1157 796 harmoniam
1170 741 1263 798 dicens
1278 743 1370 809 etiam,
1386 746 1457 814 quod
1472 757 1586 817 quatuor
1600 749 1657 804 istis

984 833 1031 890 Sic
1043 835 1156 891 sedeant
1170 835 1304 891 elementa
1319 838 1417 905 modis,
1429 848 1459 894 ut
1473 839 1593 910 pondere
1606 841 1708 911 magnis

986 929 1028 985 Sit
1043 931 1118 986 locus
1134 930 1245 986 interior
1259 947 1267 986 z
1280 930 1368 986 media
1381 931 1476 987 tellure
1488 932 1559 1002 quod
1573 942 1662 988 nutem

985 1017 1108 1075 Perlecte
1123 1020 1308 1088 madiuruest,
1323 1021 1407 1077 imum
1424 1032 1498 1093 patet
1511 1038 1572 1080 esse
1587 1026 1707 1091 rotundi,

989 1111 1057 1167 ilinc
1071 1110 1141 1179 heri,
1155 1124 1183 1167 ut
1199 1122 1296 1169 terram
1314 1114 1401 1171 levior
1414 1118 1596 1188 superemicet
1609 1118 1711 1186 undam

986 1205 1074 1261 Altior
1089 1205 1131 1262 his
1143 1221 1250 1277 quoque
1262 1207 1308 1273 sit,
1323 1209 1368 1276 qui
1384 1209 1477 1277 purior
1489 1211 1589 1266 eminet
1600 1226 1662 1276 aer;

987 1298 1081 1354 Omnia
1093 1300 1235 1355 concludat
1246 1300 1346 1356 caelum
1360 1300 1471 1357 levitate
1483 1316 1629 1372 supremae,

988 1389 1106 1446 Pendeat
1120 1399 1147 1446 et
1160 1399 1244 1447 totum
1260 1392 1340 1447 simul
1355 1391 1407 1448 hoc
1417 1391 1452 1447 ab
1461 1393 1565 1462 urigine
1577 1394 1675 1449 centri.

1023 1481 1121 1538 Thales
1136 1482 1177 1537 hic
1192 1483 1272 1538 ctiam
1287 1483 1407 1538 numeris
1421 1482 1553 1553 perquirit
1565 1492 1591 1538 et
1605 1485 1697 1550 astris,

991 1571 1127 1627 delectum
1144 1581 1172 1626 ut
1184 1571 1353 1641 Phoebi,-nec
1369 1587 1421 1626 non
1433 1571 1556 1642 lurraeque
1571 1573 1691 1631 laborem

987 1661 1097 1718 Nuntiet
1112 1663 1249 1728 anterius;
1265 1662 1312 1718 seul
1330 1664 1411 1719 rebus
1426 1663 1521 1720 inutile
1536 1665 1609 1735 punit

955 1740 977 1800 B
992 1752 1166 1822 Principium,
1181 1753 1243 1807 dnm
1257 1753 1344 1809 eredit
1358 1753 1435 1824 aquis
1448 1755 1596 1811 subsistere
1612 1756 1751 1814 muudum.

988 1840 1072 1912 liujus
1084 1842 1206 1912 discipuli
1219 1856 1296 1898 uersa
1308 1851 1350 1924 est
1367 1844 1510 1922 sententia,
1525 1844 1617 1902 d'cens

988 1932 1130 2003 Principiis
1140 1935 1254 2004 propriis
1270 1949 1377 2006 semper
1392 1950 1436 1991 res
1455 1951 1575 2007 quasque
1589 1941 1685 1994 creari.

988 2024 1068 2095 377
1081 2024 1188 2095 Singula
1203 2025 1248 2095 qui
1261 2025 1391 2096 quosdam
1408 2025 1495 2082 tontes
1508 2028 1628 2086 decernit
1639 2028 1740 2088 hahere

990 2115 1131 2178 AEternunr
1146 2115 1271 2187 irriguos,
1285 2130 1316 2172 ac
1331 2131 1420 2172 rerum
1434 2120 1536 2174 semine
1552 2119 1656 2188 plenos,

992 2205 1069 2261 llune
1084 2207 1165 2262 etiam
1179 2207 1301 2278 sequitur
1313 2206 1358 2277 qui
1371 2208 1480 2278 gignere
1490 2219 1586 2265 cuncta
1600 2210 1711 2280 putabat

993 2299 1068 2354 Hunc
1079 2314 1180 2364 aerem,
1197 2300 1350 2370 pariterque
1361 2299 1427 2357 deos
1443 2301 1483 2357 sie
1495 2290 1616 2356 autumat
1631 2311 1715 2360 ortos.

991 2393 1106 2459 Quartus
1118 2392 1293 2464 Anaxagoras
1308 2393 1448 2450 Thaletica
1462 2394 1587 2466 dogmata
1600 2407 1701 2467 serrat.

993 2481 1047 2540 Sed
1061 2483 1182 2539 ditinum
1196 2484 1315 2539 animum
1330 2484 1423 2553 sentit,
1440 2485 1486 2555 qui
1498 2485 1590 2542 lecerit
1602 2486 1707 2542 orbem.

993 2573 1087 2631 Jrrnior
1102 2575 1164 2631 huie
1174 2575 1284 2645 junctus
1298 2575 1398 2631 residet
1412 2576 1534 2648 collega3
1547 2577 1594 2633 scd
1607 2577 1678 2634 idem

994 2666 1132 2722 Materiam
1146 2667 1249 2722 cunctis
1263 2667 1394 2722 creaturis
1407 2683 1468 2722 acra
1482 2667 1606 2732 credens,

993 2759 1101 2816 iudicat
1116 2758 1177 2815 inde
1192 2758 1279 2815 Βειιιι
1293 2758 1395 2815 laceret
1408 2775 1461 2831 quo
1474 2770 1571 2816 cuncta
1579 2760 1688 2817 tulisse.

993 2848 1056 2904 Post
1070 2849 1120 2904 hos
1131 2847 1266 2904 Arcesilas
1278 2848 1368 2904 divina
1388 2858 1478 2905 mente
1489 2859 1607 2920 paratam

131 2941 254 2998 Atticus
267 2937 330 2995 inde
344 2937 428 2995 Solon
444 2936 554 3008 nequid
567 2935 648 2992 nimis
662 2938 791 3009 approbat
807 2952 900 3006 unurrr,
992 2935 1107 3008 Conjicit
1122 2938 1191 2994 bane
1204 2939 1316 3006 molem,
1330 2937 1480 2994 conlectam
1493 2940 1612 3009 partibus
1624 2941 1678 2996 illis

128 3031 272 3088 Prienaee
285 3029 343 3098 Bia,
358 3027 461 3099 plureis
475 3027 516 3083 ais
530 3041 591 3082 esse
606 3027 749 3098 malignos,

130 3119 184 3178 'l'u
202 3119 332 3192 idityleue
346 3129 422 3176 satus
431 3119 571 3190 cognoscis
588 3117 689 3174 Pittaee
704 3127 819 3187 tempus,

134 3213 267 3271 Nascere
281 3226 340 3267 sese
355 3210 441 3282 ipsum
455 3208 552 3265 Chilon
564 3209 696 3281 Spartane
708 3209 834 3265 docebas.

138 3303 254 3362 Assem
269 3304 314 3359 bic
323 3301 428 3359 Samius
438 3310 497 3374 post
507 3302 586 3358 docta
597 3302 706 3376 ⁴silentia
720 3303 797 3358 lustri

138 3396 328 3471 Pythagoras,
343 3396 459 3451 solidum
474 3395 600 3466 princeps
613 3394 685 3466 quod
697 3395 800 3450 musica
814 3396 941 3451 mnndum

141 3475 306 3562 Temperet,
321 3497 349 3545 et
362 3489 444 3544 certis
457 3496 618 3543 concentum
634 3487 729 3543 reddat
742 3487 776 3542 ab
789 3487 882 3552 astris,

142 3581 288 3653 Signaque
299 3579 431 3637 zodiacus
444 3594 505 3654 quae
519 3578 635 3635 circulus
649 3595 699 3636 axe
711 3594 838 3650 supremo

144 3672 233 3746 376
240 3671 329 3727 Perna
338 3680 433 3742 quater
441 3670 548 3734 retinet,
560 3671 669 3740 proprio
677 3684 731 3726 nou
741 3654 941 3741 curreremctu,

146 3762 250 3834 AEqnis
264 3762 335 3818 inter
347 3775 377 3817 se
389 3760 483 3831 spatiis
496 3771 584 3816 tamen
597 3775 658 3817 esse
673 3761 769 3816 locata.

146 3855 273 3925 Fixaque
286 3851 415 3924 signifero
430 3853 530 3924 pariter
544 3868 651 3924 quoque
665 3868 764 3909 cernua
776 3853 849 3920 ferri,

147 3942 376 4016 Praeeipuumque
390 3944 471 4000 etiam
484 3953 587 4015 septem
603 3960 667 4016 uaga
683 3945 771 4001 sidera
784 3957 891 4001 cantum

150 4036 307 4102 iiinedare,
315 4037 450 4106 perlectus
458 4049 585 4090 numerus
597 4036 666 4106 quod
678 4044 789 4107 uterque
800 4036 943 4091 habeatur:

151 4128 212 4184 line
226 4143 339 4183 numero
353 4126 500 4193 aliirnrans,
516 4126 567 4183 hoc
579 4127 675 4184 ordine
689 4136 783 4184 cuncta
797 4130 891 4185 rotari.

151 4217 278 4276 Faleiieri
290 4216 304 4256 ¹³
315 4219 422 4274 Cronon
439 4221 478 4274 ire
491 4218 565 4274 senis
580 4235 628 4289 per
641 4234 745 4276 summa
758 4221 892 4290 polorum,

152 4311 248 4368 harus
262 4314 429 4384 contiguum,
445 4313 534 4369 medio
548 4315 625 4378 Jove,
640 4327 749 4383 pergere
766 4315 849 4378 sidus,
873 4317 883 4335 ·
906 4345 915 4363 .

154 4402 222 4460 Post
234 4402 296 4470 bos,
307 4402 362 4474 jam
375 4414 471 4474 quarto
482 4417 512 4459 se
524 4403 634 4459 llcetere
648 4403 755 4458 tramite
768 4404 864 4474 solem,

994 3030 1066 3098 Quas
1077 3040 1183 3086 atomos
1196 3039 1275 3086 vocat
1288 3030 1345 3096 ipse
1359 3029 1440 3085 lares.
1454 3028 1468 3066 ⁶
1483 3029 1621 3087 Socratica
1638 3033 1783 3102 posthunc

956 3095 979 3159 C
994 3120 1073 3177 Secta
1089 3122 1181 3189 micat,
1194 3135 1255 3190 quae
1268 3120 1302 3175 de
1317 3129 1419 3175 naturae
1434 3118 1554 3190 pondere
1568 3121 1686 3193 migrans

996 3214 1035 3270 nd
1052 3230 1140 3271 mores
1156 3215 1295 3270 bominum
1311 3213 1443 3270 limandos
1459 3215 1595 3271 transtulit
1609 3231 1698 3274 usum.

996 3309 1071 3364 lianc
1085 3317 1185 3363 sectam
1197 3307 1482 3378 perbibentsummunr
1495 3308 1648 3366 excoluisse
1658 3310 1782 3381 Platona,

995 3398 1048 3454 Sed
1064 3398 1161 3468 tripiici
1179 3397 1310 3452 lormasse
1326 3397 1416 3462 modo,
1430 3396 1494 3452 dum
1506 3397 1608 3468 primus
1620 3407 1647 3454 et
1660 3415 1730 3456 unus

996 3487 1109 3559 Physica
1124 3486 1166 3542 rel
1181 3485 1278 3556 logico,
1295 3485 1411 3556 logicum
1426 3485 1469 3542 vel
1480 3487 1568 3557 jungit
1583 3488 1617 3542 ad
1632 3488 1721 3544 ethos.

995 3576 1103 3633 lrrreuit
1115 3576 1158 3632 bic
1173 3577 1298 3647 princeps
1312 3575 1375 3646 quid
1391 3575 1476 3646 prima
1492 3572 1608 3632 essentia
1620 3578 1701 3636 distet

996 3670 1020 3726 h
1034 3686 1138 3726 summo
1149 3679 1280 3740 sextoque
1295 3669 1380 3736 hono;
1392 3681 1453 3724 cum
1467 3669 1584 3740 denique
1597 3684 1661 3725 saxa

997 3763 1058 3820 Sint
1071 3770 1186 3829 tantum,
1204 3761 1362 3832 penitusque
1384 3759 1450 3815 nibil
1471 3759 1522 3816 nisi
1544 3774 1605 3817 esse
1623 3777 1655 3834 pr
1673 3762 1788 3820 beuture

998 3857 1123 3913 Proxima
1137 3853 1294 3921 succedant,
1308 3852 1404 3924 quibus
1418 3866 1480 3910 esse
1495 3859 1521 3909 et
1536 3853 1627 3910 virere
1636 3867 1789 3926 promptum

1692 3946 1754 4018 lest,

999 4038 1106 4096 Addere
1120 4039 1179 4109 quis
1191 4037 1277 4109 possis
1291 4036 1328 4091 nil
1342 4035 1456 4106 amplius
1468 4034 1565 4090 arbore
1576 4042 1604 4089 et
1616 4034 1718 4101 herba;

999 4131 1089 4187 Tertia
1103 4129 1139 4185 sit
1154 4142 1292 4198 pecorum,
1308 4140 1421 4196 quorum
1434 4139 1493 4179 osse
1506 4133 1534 4179 et
1548 4123 1639 4179 virere
1652 4132 1725 4178 motu

1000 4224 1057 4279 Non
1071 4231 1144 4278 earet
1157 4229 1184 4276 ιι
1198 4234 1295 4284 sensu;
1310 4215 1438 4272 mortales
1451 4223 1545 4285 quarta
1556 4215 1655 4270 deindo

991 4311 1138 4383 'Respiciet
1151 4311 1254 4367 lactura
1269 4323 1344 4375 suos,
1358 4306 1455 4377 quibus
1469 4321 1540 4375 esse,
1555 4307 1666 4373 moveri,

1001 4406 1110 4470 Vivere,
1126 4420 1187 4459 cum
1202 4417 1283 4458 sensu
1298 4401 1388 4464 datur,
1403 4408 1430 4454 et
1443 4397 1623 4466 supereminet
1637 4396 1701 4452 illud

155 4493 345 4565 septantam
359 4494 478 4565 Paphien
491 4508 601 4550 serrare
614 4493 744 4549 diastema
755 4493 889 4564 quintum,
962 4470 989 4532 ¹)
1001 4498 1077 4568 Quod
1092 4496 1208 4565 sapiunt,
1223 4507 1341 4563 veroque
1354 4491 1445 4545 ralent
1459 4489 1610 4544 discernere
1623 4488 1718 4546 lalsum
1733 4507 1740 4546 ι

157 4587 301 4644 Aradium
316 4596 405 4653 sento,
421 4586 511 4641 lunam
525 4587 565 4642 sie
577 4585 643 4642 orbe
657 4598 785 4655 supremo
816 4640 820 4648 ,

160 4677 239 4734 ‘Ter'
249 4677 332 4733 denas
344 4677 447 4747 tropico
459 4691 541 4748 prope
551 4675 661 4732 currere
675 4676 782 4733 elimate
794 4677 885 4734 miras.

1001 4591 1099 4657 Quinta
1114 4594 1252 4643 creaturas
1265 4594 1377 4650 superas
1391 4579 1538 4634 substantia
1551 4577 1656 4646 prodat,

1002 4680 1074 4747 Quas
1088 4665 1195 4752 quidam
1210 4672 1304 4728 dixere
1313 4671 1388 4740 deos,
1404 4669 1465 4739 quia
1481 4682 1595 4739 corpora
1607 4680 1716 4725 sumant

194 4871 209 4903 ²
224 4861 323 4918 Montis
341 4858 452 4916 uenite
464 4857 551 4913 :unde
566 4859 744 4929 Aracyntbias
758 4860 818 4916 dea.
834 4859 954 4917 llbianns
1042 4857 1056 4897 ἃ
1070 4855 1219 4914 Secundam
1237 4852 1369 4922 produxit,
1385 4861 1415 4907 ut
1429 4851 1589 4907 Prudentius
1604 4850 1703 4921 hymno
1721 4853 1754 4909 ta
1768 4856 1794 4910 in

159 4957 184 4990 cs
252 4949 284 4992 nt

199 4956 311 5077 mliii&
323 5043 366 5094 μοι
381 5021 655 5096 ιύχάωνἏρακυνθιάς
666 5022 826 5098 εὐπατέρεια.
877 5047 879 5051 ⁴

197 5135 344 5192 luctuum
357 5135 461 5211 upo'uuu,
475 5133 500 5187 id
515 5143 557 5188 cst
570 5132 676 5188 Saturni
690 5133 806 5188 stellam.

198 5219 210 5247 ι
224 5207 338 5275 oudam
352 5220 445 5259 moros
466 5213 608 5274 reponunt,
632 5206 742 5282 pulpae:
759 5213 787 5259 ιιι
801 5204 870 5275 apud
883 5204 953 5260 Cen-

162 5279 279 5334 sorinum
292 5290 353 5344 cap.
366 5273 394 5328 8.
411 5275 443 5327 Et
453 5273 560 5342 quidem
574 5274 609 5328 ita
624 5288 667 5328 res
680 5273 813 5341 exigebat,
824 5284 851 5328 et
860 5275 952 5330 Graeca

162 5347 355 5415 diphthongus.
371 5344 424 5400 Sed
438 5343 472 5399 de
483 5344 532 5397 hoc
543 5358 641 5412 genere
654 5344 793 5410 scripture
804 5359 883 5411 supra
895 5360 954 5399 car-

163 5420 236 5474 mine
249 5417 266 5472 9
285 5416 340 5486 iam
355 5415 457 5470 dictum
471 5423 513 5468 est
526 5416 559 5468 ad
574 5414 759 5468 hecatombion.
782 5414 850 5468 Sunt
864 5423 954 5470 autem

1005 4928 1191 5000 Hippocratico
1203 4926 1311 4981 tertiam
1328 4939 1336 4979 ε
1352 4923 1412 4992 quia
1429 4923 1455 4975 in
1475 4922 1598 4976 Socrates
1613 4932 1640 4978 et
1651 4921 1797 4992 llippocra·

1004 5007 1048 5055 tes
1065 4998 1172 5054 easdem
1192 4993 1385 5064 producebant,
1401 4992 1523 5047 Grcecuru
1538 5001 1677 5047 accentum
1699 4997 1795 5062 secuti,

1005 5072 1146 5194 ²P²li⁰¹¹w³⁹
1161 5067 1341 5142 Ἱπποκράτης.
1365 5062 1402 5118 ita
1417 5061 1489 5117 eninr
1504 5070 1530 5116 et
1545 5062 1721 5119 Maximianus
1740 5067 1795 5122 ele·

1025 5156 1046 5194 ra
1089 5155 1097 5195 z

1004 5157 1021 5213 Β
1053 5229 1104 5279 lloe
1113 5228 1210 5290 quoque
1227 5226 1340 5275 uirtutum
1352 5221 1470 5286 qrondam
1482 5223 1615 5273 certamlne
1627 5236 1742 5288 magnum

1082 5292 1120 5340 So.
1130 5298 1207 5339 ratem
1220 5287 1322 5350 palmam
1334 5287 1502 5348 promeruisse
1514 5286 1604 5335 lerunt.

1007 5413 1041 5468 Et
1057 5412 1183 5468 Paulinus
1198 5417 1293 5465 auctor
1308 5408 1485 5465 Errebaristici
1501 5426 1507 5460 ι
1523 5408 1649 5476 Dopnroto
1663 5405 1797 5477 Socratas,

164 5497 251 5566 μοῖραι
262 5497 290 5542 et
300 5491 379 5562 poplo
392 5484 493 5539 Graecis
508 5484 679 5546 astronomis,
692 5499 751 5552 quae
762 5493 851 5551 partes
866 5486 957 5553 signo-
1007 5492 1031 5538 ιι
1051 5483 1142 5537 heilica
1164 5481 1292 5549 plasmato
1313 5479 1432 5534 dluctari.
1463 5478 1547 5541 liujus
1569 5479 1674 5545 generis
1698 5479 1799 5535 etalio

165 5575 234 5623 rum,
258 5566 287 5613 et
310 5557 409 5626 gradus
420 5554 533 5609 Latinis.
558 5555 716 5610 Ambrosius
735 5556 760 5608 in
775 5553 954 5609 hexaemeron

164 5629 182 5682 d
194 5646 202 5686 z
214 5627 249 5681 ln
260 5627 363 5699 triginta
373 5624 559 5696 portiunculas,
570 5641 633 5695 qrrcr
643 5623 749 5701 μερίδας
757 5633 856 5687 occant,
866 5641 957 5680 unone·

166 5712 291 5770 quemque
304 5695 441 5750 duodecim
454 5695 557 5750 illorum
569 5696 726 5750 distribuunt
742 5696 893 5763 partiemur.

286 5789 425 5859 Person.
448 5786 557 5849 Lvlll.

1008 5555 1106 5625 passim
1129 5553 1199 5625 apud
1220 5551 1358 5606 Sidonium
1381 5568 1387 5603 :
1411 5557 1440 5599 ιιι
1458 5545 1584 5614 AEtbiops
1606 5560 1631 5599 ct
1658 5547 1800 5617 Euripides

1010 5624 1153 5693 penultima
1175 5624 1251 5690 longa
1265 5640 1271 5674 :
1285 5623 1392 5685 Aratus,
1410 5615 1561 5677 Phaedonis,
1587 5615 1730 5687 diastema,
1745 5635 1800 5674 ma·

1010 5692 1106 5762 thesis,
1120 5693 1277 5779 Heraclitus,
1290 5689 1434 5762 sapphirus
1447 5686 1540 5743 eadem
1552 5685 1656 5839 brevi2⁸³
