3788 6120
124 296 176 351 tot
773 290 927 348 licronis
946 290 1101 350 vitensis
1695 288 1752 345 2⁰8

125 423 230 479 qouque
242 407 412 479 lolqeotibus,
428 406 623 476 palliorumque
644 404 775 460 velamine
797 421 829 461 ac
844 406 910 460 lam·
924 409 947 468 A
963 423 1043 474 xxtr,
1057 408 1114 477 20).
1133 406 1203 460 vidit
1216 414 1243 461 ct
1258 405 1418 461 uenerabilis
1432 403 1529 458 Paulus
1549 402 1690 474 episcopus
1703 417 1752 458 ar·

128 502 238 568 podibus
252 502 414 556 rutilantem.
430 499 464 553 Et
477 499 539 553 dum
553 501 689 553 laetaretur
703 497 820 553 candore
845 497 911 552 tanti
962 500 1053 555 lttttettt
1078 498 1210 568 usquead
1232 496 1316 553 coelos
1334 495 1416 550 rantis
1431 494 1587 549 florentibus
1600 501 1751 557 extensam,

127 592 249 664 fulgoris,
272 592 371 654 subito,
394 590 440 654 ait,
465 589 574 643 luminis
599 587 673 642 illius
695 587 912 653 concupiscibilis
961 604 1020 659 quae
1035 589 1114 642 etiam
1128 589 1254 642 dilatione
1264 601 1311 641 sua
1326 601 1433 640 omnem
1450 583 1497 657 [cl.
1509 587 1578 638 duest
1591 582 1669 655 pene]
1682 598 1754 652 pene

126 684 272 739 exstinctus
286 691 327 736 εει
339 680 435 750 lulqor,
456 694 488 736 ac
500 679 618 735 tettebris
642 677 846 734 suceedentibus
865 676 912 730 atl-
962 679 1078 734 Africam
1093 679 1232 749 opacabat.
1246 681 1278 731 lit
1293 693 1352 732 cum
1367 677 1485 732 universi
1499 675 1558 741 ejus
1568 674 1755 745 mapritudios

127 778 261 834 versarios
274 774 382 830 naribos
393 782 470 828 catus
482 772 602 829 estiatur
614 791 620 825 ι
633 770 773 842 octenisque
783 771 827 826 illa
840 769 913 825 alba·
962 782 990 827 et
1000 771 1172 842 speciositate
1190 770 1337 841 gratteram
1349 787 1355 822 :
1368 783 1432 824 ecce
1446 767 1546 834 subito,
1568 766 1665 835 inquit,
1679 766 1756 822 verrit

127 880 215 925 torum
234 866 321 927 turba,
335 863 530 934 exponentibus
554 860 713 931 quibusdam
739 858 913 929 AEtbiopibus
962 864 1054 918 asinus
1068 863 1211 927 uiolentus,
1226 862 1271 932 qui
1286 861 1421 916 defricans
1432 859 1565 915 cervicem
1580 872 1656 914 suam
1669 870 1755 927 super

126 959 226 1014 minata
241 965 284 1013 est
306 955 376 1010 foras
391 971 397 1006 :
414 954 449 1008 ob
464 954 514 1009 boc
527 952 625 1023 jugiter
648 953 818 1017 lamentans,
842 950 912 1020 quod
963 954 1044 1009 robur
1059 953 1178 1007 radicum
1192 953 1262 1020 eius,
1278 955 1394 1013 impulsu
1408 965 1459 1006 suo
1472 964 1533 1005 cunt
1548 948 1649 1020 ingenti
1663 948 1755 1003 souitu

124 1063 185 1104 eam
199 1049 226 1103 in
246 1046 368 1101 claritate
382 1045 492 1114 pristina
515 1057 682 1113 nequaquam
704 1043 800 1097 viderit
815 1041 913 1096 iterum
964 1044 1036 1096 illato
1060 1042 1209 1098 mirantem
1233 1044 1356 1099 arborem
1377 1042 1449 1098 elisit
1472 1042 1505 1096 ad
1529 1049 1638 1097 terram.
1660 1038 1756 1097 Sedet

127 1139 289 1194 restitutam.
312 1135 377 1189 Nam
393 1133 522 1188 visionem
538 1136 616 1187 istam
638 1131 716 1187 trabis
739 1131 914 1202 presentibus
964 1133 1158 1203 Quimianus‘l
1185 1134 1348 1189 tronorabilir
1368 1136 1510 1204 episcopus
1530 1133 1595 1187 vidit
1620 1145 1650 1188 te
1673 1146 1755 1202 super

127 1239 220 1284 stricto
243 1227 333 1282 retulit
357 1223 484 1295 Eugenio.
504 1224 576 1279 Vidit
595 1234 622 1280 et
644 1223 751 1293 quidam
776 1223 915 1292 presbyter
964 1226 1105 1295 quemdam
1120 1238 1237 1282 montem
1253 1237 1334 1291 trare,
1345 1225 1378 1280 de
1389 1240 1442 1293 quo
1453 1224 1634 1292 conspiciebat
1644 1237 1755 1294 qreqem

128 1324 212 1392 ipsam
227 1319 316 1374 Fausti
331 1317 466 1373 basilicam
480 1315 607 1373 reiectam
630 1315 716 1371 turbis
731 1315 913 1371 innumerabi-
965 1314 1199 1370 innumerabilium
1223 1316 1312 1369 otium
1337 1313 1383 1386 [al.
1405 1315 1509 1368 additur
1530 1313 1661 1386 suaruml,
1677 1322 1706 1369 et
1727 1314 1756 1370 in

128 1414 193 1468 lium
207 1410 376 1481 populorum,
392 1417 418 1463 et
432 1415 492 1477 post
505 1407 641 1477 paululum
654 1417 820 1472 evacuatam,
836 1416 862 1460 et
874 1419 916 1460 re·
966 1406 1054 1461 medio
1068 1406 1156 1475 gregis
1166 1405 1227 1461 duae
1239 1417 1316 1460 eraut
1326 1407 1386 1460 ollae
1398 1406 1507 1459 nimium
1519 1404 1672 1460 bullientes.
1684 1403 1757 1460 Ade-

129 1504 227 1575 plettrm
244 1514 385 1569 porcorum
407 1496 577 1553 multitudine
589 1507 670 1568 atque
684 1511 835 1567 caprarum.
850 1495 915 1550 ltent
966 1506 1025 1551 rant
1038 1505 1126 1551 autern
1137 1497 1225 1550 oritrm
1238 1497 1383 1559 occisores,
1399 1496 1443 1566 qui
1458 1509 1551 1551 earum
1572 1509 1670 1550 carnes
1690 1495 1756 1549 ollis

128 1594 197 1649 alius
208 1590 273 1647 vidit
287 1605 376 1645 aream
390 1590 521 1645 triticeam
534 1589 700 1644 ventilationi
715 1598 845 1658 paratam,
857 1602 916 1656 qra-
968 1589 1141 1644 bullientibus
1155 1588 1354 1658 demergebant.
1383 1589 1414 1642 tlt
1432 1603 1492 1643 cum
1508 1589 1544 1643 ita
1564 1589 1650 1654 beret
1665 1588 1757 1643 otonis

129 1684 171 1738 uis
183 1682 270 1739 adbuc
284 1679 452 1736 ventilatoris
463 1678 565 1749 judicio
588 1679 702 1734 necdum
716 1695 731 1732 a
747 1679 822 1749 palea
836 1692 915 1748 sepa·
967 1683 1011 1736 itta
1026 1681 1179 1751 magnitudo
1190 1681 1278 1751 gregis
1299 1689 1456 1748 consumpta
1471 1688 1521 1735 est.
1546 1679 1618 1735 lleor
1629 1693 1681 1748 ego
1695 1678 1757 1735 ilias

129 1773 194 1830 ratis
207 1790 214 1830 ε
228 1782 256 1830 et
270 1773 332 1833 dtttn
349 1766 464 1842 ludentis
478 1785 584 1837 ΝΜ.
599 1771 660 1826 lite!
673 1769 802 1835 0⁰¹¹s¹¹⁵aes
813 1769 915 1839 mesni·
931 1761 953 1821 Β
967 1772 1034 1828 duas
1048 1773 1126 1837 ollas,
1144 1782 1156 1809 ⁶
1172 1771 1325 1828 siccensem
1338 1781 1365 1826 et
1381 1773 1524 1826 Laremem
1537 1771 1603 1825 duas
1614 1786 1675 1828 esse
1692 1772 1757 1827 eiri-

130 1865 248 1922 tudinem
271 1865 425 1930 miraretur,
440 1862 530 1919 subito
552 1877 615 1918 ecce
639 1861 717 1918 turbo
728 1864 837 1918 tenleos
850 1871 917 1917 tem·
969 1873 1046 1929 tates,
1059 1863 1085 1918 ic
1099 1863 1196 1934 quibus
1211 1863 1354 1919 multitudo
1370 1863 1456 1934 prima
1475 1862 1560 1918 luerat
1579 1862 1757 1934 'congregata

130 1954 259 2025 10613111,
288 1954 416 2023 3011111110
448 1952 511 2007 datu
548 1955 629 2022 coepit
662 1952 806 2007 adtentum
838 1967 916 2008 suum
968 1956 1132 2027 etaqoibus
1147 1955 1298 2012 incendium
1315 1954 1420 2010 initium
1434 1956 1628 2023 sumpsit3aut
1643 1954 1757 2011 liuneri·

129 2055 256 2117 surgente
277 2045 388 2115 pulvere
410 2043 606 2099 demonstrare.
630 2043 712 2111 Cujus
726 2047 826 2115 impetu
842 2045 915 2114 palea
968 2065 1028 2104 cum
1044 2063 1144 2119 regem,
1158 2056 1185 2103 et
1198 2047 1315 2118 Cyrilam
1336 2046 1488 2117 episcopum
1500 2045 1567 2116 ejus,
1580 2045 1632 2103 sed
1645 2045 1681 2101 αθ
1692 2045 1758 2102 mut.

130 2139 176 2194 illa
190 2137 278 2194 omnis
289 2138 399 2192 cumino
414 2137 521 2201 volarit,
533 2137 733 2192 remanentibus
742 2138 843 2207 granis.
854 2135 918 2192 Post
968 2139 1002 2193 tis
1017 2138 1171 2205 visionibus,
1185 2137 1245 2207 quia
1268 2135 1392 2193 brevitati
1417 2135 1609 2191 consulendum
1623 2135 1684 2204 luit,
1699 2134 1759 2191 base

131 2230 187 2284 lttec
200 2227 272 2283 teuit
283 2227 390 2297 quidam
406 2241 544 2297 procerus,
558 2225 699 2296 splendido
713 2230 798 2294 vultu,
812 2227 917 2282 babitu·
967 2229 1066 2284 dixisse
1082 2229 1207 2283 solliciat.

129 2339 181 2396 que
193 2325 278 2394 nitido
293 2324 407 2393 fulgens,
429 2322 472 2394 qui
486 2323 566 2393 coepit
581 2338 662 2393 grana
678 2337 761 2377 sacua
777 2325 915 2378 tnacilcuta
1003 2322 1059 2376 llll.
1082 2321 1227 2375 terreturio
1238 2321 1332 2390 prauis.
1344 2348 1380 2360 ν-
1393 2318 1461 2386 Quid
1480 2318 1547 2373 ultra
1559 2319 1570 2372 i
1584 2317 1683 2373 Censet
1704 2317 1759 2386 pri·

129 2427 208 2488 utque
221 2417 364 2487 siudlagini
375 2417 486 2486 reproba
500 2416 637 2487 purgando
648 2417 788 2485 projicere.
799 2416 916 2484 Quadiu
969 2429 1013 2468 mo
1026 2421 1154 2483 tyrarrcus
1166 2412 1288 2482 jussione
1298 2411 1421 2474 terribili,
1437 2418 1466 2464 ut
1478 2426 1557 2465 neruo
1572 2411 1598 2463 iu
1611 2411 1670 2480 ejus
1685 2411 1759 2480 pala·

131 2508 183 2580 16
195 2509 362 2567 examinans.
376 2507 419 2562 tir
430 2507 639 2576 magnitudinem
651 2508 722 2561 illius
735 2523 842 2574 massae,
856 2507 918 2562 licet
967 2509 1004 2563 tio
1027 2506 1165 2571 militaret,
1192 2521 1278 2574 neque
1303 2505 1421 2574 publicas
1444 2515 1534 2575 ageret
1558 2503 1691 2569 actiones,
1707 2502 1759 2559 nisi

128 2600 257 2668 probata,
274 2598 307 2653 ad
322 2613 446 2654 acervum
462 2609 550 2653 tamen
564 2598 686 2668 perduxit
700 2599 836 2667 exiguom.
852 2598 916 2653 ltem
968 2613 1027 2654 sefe
1042 2597 1169 2652 titianum
1186 2596 1303 2652 lecisset.
1319 2597 1438 2661 Quorum
1463 2596 1556 2664 ingen¹
1571 2609 1701 2648 nntuorus
1715 2596 1757 2646 ri·

127 2689 196 2745 alius
209 2691 246 2743 ait
260 2708 267 2741 :
283 2688 375 2743 Stabat
396 2688 504 2758 quidam
529 2688 672 2756 praecelsus
690 2698 915 2758 supermontem,
967 2703 1031 2757 gere
1046 2688 1156 2753 invicto,
1181 2703 1214 2741 ne
1238 2686 1316 2741 [idem
1334 2685 1469 2752 perderet,
1483 2686 1605 2739 roilitiant
1623 2695 1758 2754 tempora·

127 2781 172 2852 qul
185 2789 197 2818 ⁸
211 2781 351 2850 ziquensis
362 2780 472 2845 dicitur,
484 2790 511 2834 et
523 2780 655 2835 clamabat
665 2779 775 2836 dextera
786 2781 916 2850 levaque:
969 2779 1019 2835 lem
1035 2779 1141 2847 abjecit.
1162 2779 1234 2846 Quos
1247 2787 1337 2847 posteo
1352 2776 1475 2832 domibus
1497 2777 1643 2846 projectos,
1667 2776 1756 2832 omol-

128 2871 248 2942 lliqrate,
269 2846 392 2941 migrafe.
409 2870 486 2924 Alius
500 2871 640 2940 conspexit
654 2871 776 2940 rugiente
790 2872 858 2926 coelo
877 2881 918 2927 at·
969 2889 1021 2943 que
1040 2873 1187 2928 substantia
1213 2873 1386 2937 exspatiatus,
1413 2871 1439 2925 in
1466 2872 1566 2927 instrlas
1588 2871 1709 2927 Siciliam
1730 2878 1758 2927 et

127 2977 179 3032 que
193 2963 298 3016 turbato
313 2960 472 3030 sulphureas
487 2960 500 2998 b
516 2963 612 3029 nubes,
625 2961 747 3030 ingentes
762 2962 863 3032 lapides
874 2962 917 3032 ia·
968 2965 1118 3020 Sardiniam
1134 2966 1269 3032 relegauit.
1286 2964 1375 3033 thtio
1389 2965 1468 3020 ctiam
1483 2975 1600 3020 statttete
1616 2975 1757 3036 pertotatn

127 3055 209 3110 culari
226 3071 232 3107 :
249 3053 295 3122 qui
309 3052 411 3120 lapides
432 3051 495 3105 dum
511 3051 672 3107 cecidissent
691 3053 718 3106 in
732 3061 841 3114 terram,
858 3053 916 3122 plus
969 3056 1085 3112 diricam
1109 3058 1252 3123 festinavit,
1278 3067 1305 3111 ut
1329 3066 1480 3113 nostrorum
1503 3058 1690 3126 episcoporum
1712 3055 1759 3113 de·

127 3144 351 3207 accendebantur,
364 3153 392 3198 et
402 3143 549 3213 majoribus
559 3144 675 3200 llarnmis
686 3144 825 3212 ardebant,
837 3154 917 3215 atque
931 3123 954 3187 C
970 3147 1119 3203 iunctorum
1134 3148 1214 3204 ltscos
1224 3150 1274 3204 sibi
1290 3149 1465 3204 substantiam
1478 3149 1636 3205 vindicaret.
1647 3148 1698 3214 bloi
1709 3164 1758 3204 ao·

127 3241 258 3295 intrantes
273 3238 299 3293 ln
326 3238 469 3308 penetralia
495 3239 645 3301 domorum,
668 3253 736 3308 quos
759 3238 917 3293 interierant
968 3250 1020 3294 tem
1036 3239 1161 3295 defuncto
1176 3244 1320 3297 succelere
1338 3249 1453 3311 poterat,
1469 3257 1521 3298 nou
1538 3251 1600 3297 ante
1619 3241 1758 3296 ordinare·

127 3331 313 3387 incendebant.
340 3329 389 3396 Qui
415 3337 503 3383 antcm
523 3328 600 3398 cido,
616 3330 662 3396 ait,
678 3330 740 3399 quia
762 3343 823 3384 eom
846 3343 875 3384 se
888 3329 916 3384 in
969 3340 1022 3398 tur,
1045 3334 1095 3387 nisi
1110 3335 1175 3389 llsco
1193 3334 1275 3403 regali
1300 3335 1460 3405 quingentos
1473 3335 1582 3390 'solidos
1603 3335 1757 3392 obtulisset.

128 3424 241 3496 quodam
255 3423 378 3477 cubiculo
390 3420 585 3485 abscondisset,
598 3422 769 3477 miseratione
782 3420 870 3475 diviua
883 3421 916 3477 ad
971 3426 1023 3481 Sed
1038 3425 1087 3480 boc
1101 3426 1254 3490 aedilicium,
1268 3428 1310 3482 ubi
1326 3436 1482 3484 construere
1493 3425 1578 3500 [aaa.
1590 3423 1675 3498 risus]
1684 3428 1759 3483 nisos

127 3532 189 3571 eum
205 3516 311 3570 daroma
323 3529 377 3569 nort
392 3513 477 3584 putuit
492 3514 632 3582 pertenire
646 3531 652 3566 ε
670 3528 729 3568 reor
738 3524 769 3569 ut
781 3514 845 3569 illud
857 3529 918 3584 pro·
970 3528 1010 3572 est
1021 3517 1153 3585 diabolus,
1165 3520 1255 3573 statim
1270 3519 1334 3573 illud
1346 3518 1484 3574 destruere
1497 3519 1621 3589 dignatus
1632 3534 1670 3574 est
1681 3518 1758 3574 curt-

127 3607 261 3676 pbeticum
272 3607 453 3676 compleretur
465 3621 472 3657 :
485 3603 582 3658 Claude
597 3605 691 3659 ortium
706 3612 788 3668 luunt,
800 3614 846 3659 ete
860 3605 919 3661 obt·
970 3618 1037 3664 slus.
1057 3610 1208 3680 Suggerunt
1231 3611 1255 3664 ei
1270 3610 1410 3666 dirruestlci
1426 3611 1478 3679 sui,
1490 3609 1629 3668 diceutes:
1643 3608 1673 3666 Si
1687 3608 1756 3665 istud

126 3699 234 3755 eoadem
256 3698 458 3769 aliquantulum,
481 3699 561 3751 donec
582 3707 693 3753 trauseat
708 3698 748 3752 irc
770 3696 818 3753 Dei
838 3697 916 3769 (lsai.
972 3701 1118 3757 firmaverit
1132 3701 1276 3773 preceptio
1287 3710 1385 3767 restra,
1400 3700 1484 3756 nostri
1496 3699 1627 3772 episcopi,
1639 3700 1684 3770 qui
1695 3708 1758 3755 sunt

125 3877 201 3933 Colb.
226 3876 293 3932 alter
311 3892 359 3947 pro
379 3877 521 3930 albatorum
539 3875 619 3931 ltabct
635 3876 789 3934 oblatorum.
809 3878 912 3942 child..
967 3881 1109 3948 provinciae
1123 3882 1156 3936 od
1174 3879 1284 3936 Paulum
1306 3878 1629 3949 constantinopolitanum
1651 3872 1759 3948 episco-

127 3948 212 4005 bald..
226 3947 298 4012 Sur,
313 3958 340 4002 et
359 3947 498 4008 libanam,
512 3962 571 3999 tutu
586 3945 662 4002 Colb.
678 3949 766 4011 tertio,
783 3949 913 4003 beatorum
967 3966 1106 4020 quumque
1120 3952 1186 4007 lecta
1199 3955 1273 4005 estio
1285 3949 1398 4006 concilio
1413 3949 1585 4005 calaronam-i
1598 3951 1650 4005 sub
1660 3959 1757 4004 sancto

127 4017 267 4073 Loricbios
286 4016 413 4070 abbatum.
430 4016 467 4071 De
483 4016 573 4071 Fausti
588 4018 701 4073 ecclesia
716 4032 795 4086 supra
810 4020 914 4088 egimus
966 4021 1089 4078 blattina,
1104 4031 1157 4076 act,
1178 4021 1210 4086 2,
1228 4023 1272 4075 ubi
1294 4021 1429 4076 Candidus
1449 4019 1592 4077 Siccensis.
1614 4019 1647 4075 Et
1669 4019 1757 4075 adluit

126 4086 313 4159 notaffildol.
328 4088 426 4151 term.
441 4085 477 4156 1ι).
784 4096 786 4099 ·
966 4105 1043 4146 cttnc.
1068 4089 1195 4161 Cartlraq.
1221 4106 1292 4145 auno
1315 4091 1368 4146 525
1385 4089 1490 4146 vitulus
1510 4089 1756 4160 episcopusplebls

161 4167 175 4196 ι
194 4159 355 4213 lletnoratur
377 4157 470 4212 civitas
501 4155 672 4223 ziquensium
697 4158 723 4211 in
748 4157 858 4224 Africa,
886 4157 913 4212 iu
967 4161 1102 4216 barensis.
1119 4164 1156 4216 iix
1172 4172 1283 4228 utraque
1298 4162 1359 4215 item
1371 4162 1436 4215 urbe
1449 4160 1576 4228 episcopi.
1591 4169 1648 4215 tum
1659 4162 1757 4216 calbo-

126 4228 238 4296 epistola
251 4228 418 4282 Constantini
430 4226 515 4295 linqui
530 4225 562 4279 ad
578 4225 748 4291 Probianum,
763 4227 830 4281 sicut
845 4238 872 4284 et
885 4229 911 4283 in
968 4231 993 4284 tt
1004 4231 1028 4297 i,
1044 4240 1098 4286 tum
1115 4232 1259 4286 Donatistae
1272 4271 1280 4296 ,
1294 4231 1428 4288 collationi
1450 4229 1577 4296 Cartlraq.
1597 4229 1756 4287 tutertocre.

125 4297 285 4368 Purgationc
295 4296 440 4352 Caeciliani.
452 4294 585 4349 Caeterom
605 4294 744 4351 Lorichius
757 4297 855 4363 babet,
871 4315 914 4352 rc·
967 4301 994 4354 ln
1008 4316 1039 4355 ea
1057 4302 1155 4371 qtdppe
1172 4299 1376 4355 Fortunatiano
1389 4301 1521 4370 episcopua
1533 4298 1656 4354 Ecclesia
1667 4300 1759 4355 cada·

126 4365 743 4492 tt'totila”lti⁵”‘ot:::'.²⁵btt‘¹'·alito..
782 4438 849 4493 on
885 4447 912 4494 o
964 4369 1759 4497 bt{diluitelatitabant-tt‘·bibl

128 4478 462 4577 Siu.,babom'uatea'qooe
474 4477 586 4577 indentes
599 4521 635 4560 tte
654 4516 726 4561 ειιιιιι
738 4478 768 4560 ια’
783 4508 845 4564 ides.
857 4481 912 4564 dte.
965 4523 1006 4567 ter
1021 4457 1096 4567 1{alitae
1117 4514 1268 4567 Donatistae
1284 4457 1431 4567 rgceusitur
1446 4519 1498 4566 est.
1518 4455 1649 4565 litigetur
1663 4481 1756 4567 erstem

126 4579 134 4620 t
140 4573 419 4644 :otb.,t,satptureaa
430 4525 681 4658 ingentesqueousses,
693 4585 747 4633 etc.
762 4525 912 4644 [omnbius
927 4565 952 4624 Ῑ)
967 4583 1084 4638 Larentia
1111 4585 1245 4655 episcopus
1272 4598 1331 4638 mam
1359 4581 1492 4634 Honorem
1514 4579 1572 4649 ejus
1599 4580 1759 4635 adversario

127 4647 240 4700 turbatas
253 4647 293 4700 tttl
312 4645 403 4700 durent
416 4651 569 4714 nabet,quoe
582 4658 697 4713 tttqentea
709 4657 846 4716 ceperunt,
861 4661 914 4704 eto.
967 4668 1026 4719 cop.
1051 4652 1099 4707 let
1117 4654 1285 4720 comparuit,
1306 4663 1333 4706 et
1350 4650 1603 4706 decorticaturum
1618 4665 1680 4716 cap.
1692 4650 1757 4708 191.

165 4727 176 4757 ⁸
195 4714 271 4772 Colb.
317 4725 345 4771 et
359 4716 491 4780 libanam,
506 4719 631 4771 abacoutte
643 4717 809 4786 tepuaillom,
821 4729 876 4774 etc.
967 4722 1057 4777 adluit
1076 4732 1103 4776 et
1127 4723 1275 4778 destitutus
1294 4722 1435 4787 episcopm
1451 4720 1597 4776 Laritensis
1616 4720 1758 4786 Donatista

164 4787 178 4827 d
198 4787 274 4843 lluttc
292 4784 367 4841 Colb.
383 4789 394 4840 i
408 4793 436 4839 et
445 4787 508 4841 editi
523 4787 541 4838 2
556 4783 749 4850 Quintiaionum
764 4789 913 4856 appellant:
966 4807 1026 4863 cap.
1042 4793 1106 4846 tot.
1118 4794 1157 4848 lie
1170 4792 1261 4846 barum
1272 4792 1376 4847 orbium
1388 4791 1440 4846 situ
1452 4790 1556 4847 erudite
1564 4790 1676 4846 disserit
1689 4790 1760 4848 liett-

128 4873 207 4929 qoem
219 4856 370 4913 Siccensem
383 4854 536 4924 episcopum
547 4855 628 4911 luisse
638 4867 730 4912 conset
742 4858 873 4913 baronius
887 4860 913 4914 iu
968 4863 1040 4916 ricus
1053 4862 1171 4917 Norisiue
1188 4864 1213 4916 in
1229 4862 1464 4918 observationibus
1478 4860 1607 4916 adversus
1623 4859 1758 4917 loannem

131 4930 202 4984 tratis
215 4927 248 4983 ad
266 4925 482 4996 blartyrolopium
500 4925 647 4980 Romanum
663 4927 706 4982 die
719 4927 755 4981 23
778 4927 850 4994 llaii,
871 4930 914 4983 ubi
967 4932 1147 4997 Garnerittm,
1167 4947 1233 5000 quas
1254 4933 1373 4987 consule.
1396 4930 1514 5000 Denique
1526 4928 1760 4987 inconcilioCar·

129 5014 191 5054 curu
203 4998 302 5052 sanetis
316 4996 431 5050 Lacioet
449 4995 554 5050 loliano
570 5000 594 5049 io
611 5001 795 5061 persecutione
812 4999 915 5053 varada-
970 5003 1040 5070 timp.
1060 5005 1216 5056 substracto
1233 5002 1253 5056 C
1275 5003 1368 5069 priano
1381 5003 1540 5057 sententiam
1556 5015 1604 5070 pro
1623 5001 1760 5058 haereticis

130 5071 178 5124 lica
190 5081 285 5136 passus
296 5067 401 5121 dicitur.
417 5066 470 5121 Sed
483 5066 517 5121 de
529 5066 569 5121 lrls
581 5067 689 5122 interius
699 5069 772 5140 pirna
783 5068 912 5134 dicemus,
970 5072 1163 5140 rebaptizandis
1175 5072 1234 5127 tulit
1248 5019 1339 5127 dotas
1354 5088 1370 5125 tt
1388 5070 1462 5127 Sicco
1477 5087 1549 5125 tutam.
1562 5070 1608 5126 ts.
1624 5070 1694 5127 Earn
1713 5086 1760 5127 ttr-

129 5139 173 5194 ubi
194 5138 229 5192 de
253 5137 437 5205 persecutione
453 5137 640 5202 Guutabundi,
664 5138 692 5192 in
713 5140 914 5195 Commentario
970 5142 1029 5196 bem
1053 5153 1142 5196 nattam
1158 5142 1273 5198 reddidit
1287 5143 1388 5197 famosa
1398 5141 1534 5198 Urbanum
1550 5141 1620 5197 inter
1631 5151 1662 5196 et
1675 5142 1759 5213 dpla·

130 5208 258 5263 bistorico
267 5207 353 5273 capite
368 5206 412 5260 ld.
582 5247 588 5255 .
970 5213 1038 5265 riuus
1053 5213 1247 5267 controuersia.
1273 5212 1411 5268 llilareose
1430 5211 1574 5280 oppidum,
1589 5218 1618 5266 et
1629 5209 1760 5268 stonense

165 5287 178 5315 ‘
198 5277 242 5332 Sic
254 5276 331 5333 Golb.
347 5278 375 5339 Ξ,
389 5275 499 5341 Geron,
515 5276 586 5330 Prrtt.
598 5318 606 5340 ,
619 5276 712 5344 blare,
727 5292 788 5332 cum
802 5277 915 5333 Ottlrod.
971 5291 1101 5337 memorat
1116 5284 1279 5351 Augustinus
1299 5296 1314 5337 e
1333 5283 1411 5337 istola
1434 5283 1497 5339 229.
1522 5283 1562 5337 du
1577 5296 1644 5336 tero
1661 5281 1760 5337 Paulus

132 5358 158 5403 ct
172 5347 306 5403 Loricbio.
322 5347 373 5401 Scd
390 5347 464 5401 Ctdb.
482 5350 493 5401 1
509 5356 536 5401 et
559 5347 628 5414 Fut,
644 5357 702 5415 post
717 5347 854 5402 barensem
869 5349 916 5404 ad·
971 5361 1005 5405 et¹
1016 5352 1190 5420 Quintianus,
1211 5353 1254 5407 bic
1274 5297 1411 5416 astatore
1427 5352 1583 5416 memorati,
1600 5351 1697 5408 barum
1711 5366 1761 5409 ttr-

132 5420 197 5472 dunt
219 5415 338 5474 Laribus.
363 5417 396 5471 dt
419 5415 494 5472 Colb.
518 5419 544 5476 l.
561 5416 694 5481 llltttnttt„
708 5416 808 5481 craten,
827 5418 915 5489 bigo,
972 5421 1042 5477 bium
1069 5424 1185 5492 episcopi
1209 5423 1316 5484 luerint,
1331 5425 1461 5477 incertum
1476 5435 1535 5487 est,
1548 5437 1610 5478 com
1625 5422 1652 5476 id
1665 5421 1761 5478 Victor

133 5487 206 5541 llaid.
221 5497 249 5542 et
261 5488 334 5555 Sur.¹
354 5488 429 5556 ollor,
445 5489 512 5542 sicco
531 5486 647 5551 Venerio,
662 5497 687 5540 et
702 5486 818 5554 loribus,
837 5489 913 5553 dtas,
969 5493 1095 5558 reticeat,
1118 5507 1168 5548 uec
1186 5495 1226 5548 baa
1245 5491 1304 5547 duae
1322 5492 1401 5549 sodes
1426 5493 1453 5548 io
1479 5490 1575 5548 Africae
1594 5491 1697 5548 Notitia
1713 5493 1763 5548 lra-

132 5565 185 5611 etc.
196 5555 264 5611 Sunt
274 5567 362 5612 autem
374 5556 451 5614 Sicca
461 5557 573 5613 Veneria
587 5565 614 5612 ει
626 5555 708 5611 Lares
720 5558 841 5612 civitates
855 5560 914 5614 dua
970 5564 1089 5617 lucramur.

133 5626 198 5680 ollut
211 5625 375 5696 episcopales
396 5629 422 5683 in
436 5626 522 5683 africa
538 5627 729 5698 proconsulari.
747 5628 846 5682 l‘rioris
859 5629 915 5698 epi·
1006 5630 1015 5669 l
1035 5633 1079 5688 Sic
1090 5632 1165 5688 Orth.
1185 5642 1212 5687 et
1226 5631 1374 5688 Loricbius.
1389 5633 1423 5687 dt
1433 5632 1521 5688 biart..
1536 5631 1628 5686 Germ.
1642 5640 1672 5687 et
1683 5628 1762 5701 rot,

132 5708 232 5755 amatos
239 5696 394 5766 subscripsit
407 5697 666 5767 epistolaesynodicc
677 5697 783 5752 Petrum
794 5699 914 5766 ejusdcm
969 5701 1042 5766 Quod
1054 5705 1138 5758 etiout.
1151 5704 1257 5765 Ceteri.
1268 5703 1377 5765 ottodem
1391 5714 1502 5769 tempore
1514 5711 1638 5767 statuere,
1651 5712 1705 5759 ste.
