3788 6120
105 365 153 438 tola
165 363 286 422 Persidis
306 364 522 436 expeditionem,

108 459 162 516 Ant
182 456 304 513 rietrieia
324 467 412 514 easlra
433 459 581 528 praeteribit

105 546 232 616 rineipis,
251 555 279 602 et
297 549 512 616 perambulatum

105 639 137 699 tit
156 638 306 710 legionibus
318 639 458 711 Niphatem
474 659 481 696 ε

112 747 174 790 enm
194 732 306 788 fulmine
326 742 421 804 eaptus
440 734 596 805 imperator,

114 821 272 880 fulminibus
291 837 383 894 parem
403 825 530 895 peregit!

110 921 140 971 tn
155 914 275 983 sinibus,
296 913 381 982 urbe,
400 930 464 972 rure
484 916 609 987 poliens,

105 1007 189 1077 tenti,
210 1007 276 1062 milri
296 1007 384 1078 gignis
401 1007 473 1065 alme
492 1017 613 1080 patrem,
673 1085 676 1089 ‚

121 1099 165 1156 etti
183 1098 260 1155 nitidi
279 1099 366 1167 sales,
386 1098 513 1172 rigorque

105 1204 146 1247 rus
164 1189 216 1246 luit
230 1189 320 1247 Attiou
338 1189 366 1246 in
386 1190 488 1261 lepore.

105 1280 218 1338 lilesius
237 1293 264 1338 et
278 1280 378 1338 Tbales
396 1291 507 1352 stupere

105 1388 136 1430 lm
155 1373 258 1446 potnil,
278 1373 413 1444 simulque
429 1373 509 1431 Lindi
529 1383 570 1432 est

106 1464 152 1537 qui
166 1461 312 1521 Cleobulus
333 1463 406 1522 iuter
425 1479 519 1536 artes,

121 1560 168 1633 qai
182 1556 330 1616 Periandre
347 1557 383 1616 de
402 1557 532 1616 Corintho
552 1573 597 1627 es,

105 1702 107 1709 ,
127 1668 208 1726 quem
228 1651 340 1710 dederat
355 1651 417 1709 Bias
437 1651 554 1721 Priene,

111 1747 216 1806 Pittaee
231 1745 343 1804 Lesbius
362 1745 515 1818 sophistes,

121 1841 168 1914 qui
187 1841 291 1898 tetricis
308 1847 405 1911 potens
421 1837 536 1896 Atbenis

114 1930 267 1991 Socraticas
280 1929 364 1988 Solon
382 1929 536 2000 patarum,

105 2021 249 2096 tyndareis
267 2029 343 2077 satus
357 2019 508 2090 Therapnis

110 2155 120 2181 ,
139 2111 252 2185 legifero
268 2110 342 2183 prior
355 2109 490 2183 Lycurgo.

105 2203 132 2260 ie
148 2202 172 2259 si
192 2201 292 2268 noluit,
314 2209 426 2256 vacante
445 2212 526 2268 eura,

105 2295 129 2350 it
147 2291 281 2350 sideribus
300 2299 394 2348 notare
412 2303 525 2356 cursus,

105 2401 132 2442 ts
144 2388 228 2442 Arato
246 2385 302 2441 nias
319 2383 450 2441 eueurrit.

105 2490 157 2534 une
176 2490 238 2534 eum
259 2472 438 2546 geometricas
455 2474 489 2530 ad
510 2485 584 2532 artes

105 2582 126 2624 ιι
145 2567 309 2638 composuit,
331 2567 408 2638 sequi
428 2565 535 2623 valebat

105 2675 135 2718 es
152 2660 269 2732 spatium
289 2661 380 2717 sciens
398 2658 511 2731 olympi.

107 2768 175 2825 une,
198 2755 221 2811 si
244 2753 327 2810 noluit
345 2762 437 2811 rotare
456 2753 613 2826 rhythmos,

104 2859 156 2902 nm
177 2845 314 2916 proposilo
330 2845 416 2902 virum
433 2847 533 2902 morari
555 2897 558 2903 .

104 2950 172 3008 ppus
194 2936 325 3008 potuisset
344 2952 379 2993 ex
398 2951 508 2994 aeerro.

109 3043 134 3084 m
151 3028 320 3099 Amphionis
338 3028 465 3086 studebat
480 3029 551 3097 arti,

105 3135 128 3187 r,
147 3119 259 3192 pollice,
278 3135 359 3186 rnre,
378 3119 513 3190 tibiaque,

745 258 910 322 CARlllilA.

813 375 967 435 Aliensem
986 393 1034 437 seu
1048 380 1232 456 Ctesiphontis
1249 388 1392 460 astitarot,

858 466 906 522 Pir
924 482 1032 540 semper
1051 473 1230 543 popularitate
1247 490 1390 548 eresoens,

857 556 892 612 Et
904 557 977 628 iuste
991 561 1112 619 residens
1129 564 1156 620 in
1175 581 1239 624 arce
1259 568 1349 639 landi,

855 648 907 716 Qui
926 649 1002 710 labro
1021 655 1143 725 genitore
1161 671 1332 731 proeresius,

855 739 917 797 Cris
934 744 1029 803 maluit
1045 748 1167 818 expolire
1182 750 1286 808 limam.

855 831 926 899 Quid
946 848 994 892 ros
1010 836 1110 909 eloquii
1130 853 1225 899 ernam
1240 842 1329 900 Latini

855 922 988 996 Arpinas,
1007 926 1153 1001 Patanine,
1169 933 1331 992 liminensi

857 1013 891 1070 Et
909 1023 951 1083 te,
968 1018 1072 1074 oomiea
1088 1022 1134 1092 qui
1149 1022 1246 1091 doees,
1265 1023 1397 1082 Terentii

856 1103 892 1163 Et
905 1107 950 1175 te',
965 1113 1086 1179 tempore
1099 1111 1145 1182 qui
1164 1121 1240 1170 tatus
1254 1128 1367 1183 severo,

855 1195 951 1255 Graios
964 1198 1057 1259 Planta
1076 1203 1148 1262 sales
1162 1205 1255 1277 lepore
1269 1209 1388 1265 transiri

854 1287 891 1344 iit
907 1297 933 1347 te
948 1291 1107 1351 multimoda
1122 1297 1188 1354 satis
1201 1299 1351 1356 verendum

853 1381 1021 1452 Scriptorum
1041 1387 1251 1456 numerositate,
1272 1388 1378 1446 Varroi

854 1469 934 1542 403
950 1471 984 1528 iit
1002 1479 1030 1530 te
1043 1475 1088 1545 qui
1103 1474 1234 1534 brevitate
1247 1477 1341 1549 Crispe
1355 1477 1461 1550 pollesl

854 1561 888 1617 Et
902 1562 946 1633 qui
961 1577 1010 1634 pro
1024 1565 1133 1636 ingenio
1145 1567 1248 1626 liuente
1260 1570 1329 1627 nulli

854 1648 962 1710 Comeli
978 1654 1070 1714 Tacite
1087 1671 1119 1715 es
1137 1659 1266 1717 amnem
1284 1661 1345 1719 urii

818 1741 843 1808 Β
856 1743 890 1799 iit
903 1753 930 1801 te
944 1743 1151 1805 llassiliensium
1164 1764 1215 1822 per
1226 1750 1323 1809 hortos

854 1834 930 1891 Sacri
944 1834 1060 1907 stipitis,
1075 1837 1195 1909 Arbiter,
1214 1839 1341 1898 uolonum

854 1924 1070 1997 liellespontiaeo
1090 1942 1191 1999 parem-
1202 1929 1325 2001 Priapo!

855 2015 890 2071 ιι
903 2024 931 2074 te
943 2017 1065 2074 mumius
1078 2031 1129 2089 per
1142 2017 1288 2076 libidinosa

853 2106 951 2164 Notum
965 2106 1037 2164 iiaso
1057 2117 1145 2166 tener.
1158 2109 1313 2183 Tomosque
1326 2111 1458 2182 ιιιῐιιιιιιις

853 2197 994 2268 Quondam
1007 2199 1133 2259 casareae
1153 2202 1234 2259 nimis
1248 2203 1347 2274 puellm

854 2291 930 2349 Tieto
944 2293 1055 2351 nomine
1068 2293 1205 2353 subditum
1220 2297 1357 2354 Corinna.

855 2388 864 2421 ¹
877 2388 947 2457 Quid
961 2388 1050 2446 miros
1064 2387 1184 2447 Senecas
1197 2374 1302 2462 induar,
1316 2390 1359 2447 rel
1372 2389 1447 2447 illust

853 2480 939 2549 Quem
950 2480 996 2539 dat
1010 2481 1115 2538 bilbilis
1128 2481 1183 2538 alta
1197 2482 1361 2549 llartialem,

853 2572 997 2630 Terrarum
1012 2574 1152 2646 indigenas
1164 2575 1372 2633 Hibericaromi

853 2666 923 2735 Qun
935 2681 1003 2739 quos
1016 2667 1169 2738 duplicibus
1178 2668 1270 2739 lupata
1281 2669 1358 2725 taedis

853 2757 1011 2829 Argentaria
1027 2757 1040 2798 l
1056 2757 1130 2816 Polla
1142 2757 1187 2817 dat
1201 2759 1315 2830 poetas?

750 2889 753 2896 .
855 2847 925 2916 Quid
937 2848 1038 2905 multos
1051 2851 1119 2906 rarii
1133 2849 1196 2921 styli
1209 2858 1341 2919 retexam,

853 2938 959 3009 Argotl,
975 2939 1072 3007 teneri,
1086 2953 1191 3010 graues,
1207 2941 1331 2997 dicaces!

853 3030 881 3088 st
896 3032 1057 3088 Consentius
1071 3030 1167 3099 adluit,
1183 3031 1312 3090 latebant.

814 3109 838 3177 G
854 3121 921 3178 lioie
934 3123 1032 3178 summi
1046 3121 1145 3194 ingenii
1164 3122 1233 3191 riro,
1247 3122 1381 3195 simulque

105 3212 192 3270 Tbrax
212 3220 302 3281 nates,
324 3211 390 3271 deus
409 3214 510 3281 Areas,
531 3220 612 3286 atque
631 3213 765 3284 Pboebus,
852 3212 973 3270 Summas
987 3213 1344 3285 nobilitatisatqueiormar,

105 3307 223 3362 earmine
240 3315 301 3375 post
320 3313 413 3373 erant,
433 3316 459 3361 et
481 3306 554 3376 ipsas

115 3412 169 3455 non
191 3398 227 3453 ita
247 3397 364 3454 musicas
383 3405 501 3468 potares.

115 3499 234 3562 syrmate
253 3488 341 3545 coitus
360 3496 388 3545 et
407 3488 558 3559 eotbnrnn,

105 3590 134 3636 et
150 3580 234 3637 semel
251 3582 368 3637 Atticum
386 3581 540 3649 tbeairum,

105 3677 155 3726 ent
168 3668 317 3739 Sopboeles
334 3679 360 3727 et
374 3670 527 3742 Euripides.

105 3759 198 3832 tolpita
213 3775 359 3831 personare
375 3776 456 3818 socen

105 3851 149 3910 ins
167 3854 313 3920 noluisset,
335 3854 398 3909 buia
417 3856 505 3911 levato

105 3958 124 4001 ιι
141 3954 171 4001 ιιι
185 3945 268 4016 digito
283 3945 377 4014 dares,
394 3945 549 4004 blenander.

105 4050 136 4093 uti
152 4035 307 4106 senipedem
325 4037 424 4109 slylttttt
445 4039 561 4108 polibat,

105 4142 149 4185 ιι)
168 4127 227 4185 rlee
240 4127 336 4184 doctus
355 4128 486 4198 olireinae,

105 4234 136 4277 nn
156 4232 188 4277 se
206 4219 326 4276 bistoriae
344 4219 425 4276 dabat
445 4234 561 4288 severae,

105 4325 110 4367 t
128 4311 175 4368 rix
193 4319 318 4382 poterant
338 4311 413 4368 locos
431 4310 499 4366 tueri

105 4400 302 4470 silerodotns,
322 4410 422 4459 tonans
436 4402 580 4458 Homerus.

105 4500 136 4550 to
157 4494 246 4564 potior
264 4493 359 4550 luisset
376 4493 456 4560 olim,

105 4583 249 4641 ludiariam
268 4585 392 4642 movebat
410 4594 470 4642 arte

118 4689 229 4734 caream
249 4677 446 4746 tumultuosus,

105 4783 180 4829 seu·
199 4780 342 4844 raperetur
361 4771 389 4826 io
406 4769 574 4842 Philippum,

852 3307 948 3365 iuncta
961 3317 1004 3364 est
1016 3306 1127 3375 lemine,
1140 3323 1202 3378 qum
1215 3308 1324 3364 domum
1336 3307 1370 3364 ad
1383 3306 1473 3365 mariti

851 3400 938 3457 Prisci
951 3410 963 3440 ⁶
976 3399 1090 3470 insignia
1107 3399 1272 3456 transferens
1285 3401 1387 3469 lorini,

852 3489 976 3560 implerit
987 3491 1091 3546 trabeis
1107 3491 1190 3547 larem
1204 3490 1345 3562 sopbistae.

851 3582 897 3640 Sie
911 3582 982 3638 intra
996 3581 1120 3653 proprios
1135 3581 1182 3639 tibi
1197 3589 1320 3651 penates,

851 3672 995 3742 Consenti,
1009 3672 1102 3744 patriae
1118 3673 1201 3729 deeus
1212 3671 1369 3744 superbum,

851 3761 940 3820 Fastis
954 3761 1021 3819 rirlt
1031 3777 1108 3834 arus,
1124 3772 1254 3834 paterque
1268 3762 1355 3818 libris.

758 3879 760 3882 ·
886 3853 950 3910 liaeo
960 3867 1010 3925 per
1019 3860 1161 3910 stemmata
1175 3859 1203 3910 te
1213 3853 1280 3909 satis
1296 3859 1443 3922 potentem,

851 3947 956 4004 iiorunr
971 3945 1088 4003 eulmine
1099 3945 1147 4003 sed
1161 3948 1351 4016 potentiorem,

850 4039 908 4097 lion
921 4039 1022 4113 possim
1037 4037 1132 4095 merita
1146 4052 1245 4095 sonare
1262 4038 1342 4096 laude
1353 4037 1365 4093 ἰ

851 4131 907 4189 lieo
919 4132 943 4189 si
957 4130 1128 4203 melidrysio
1140 4143 1241 4186 eanens
1256 4131 1283 4186 iu
1299 4139 1388 4196 antro,

850 4221 933 4294 m
945 4221 1004 4290 Qua
1019 4221 1072 4278 iate
1085 4219 1281 4292 trepidantibus
1294 4219 1403 4276 liuentis

850 4314 949 4371 Cautes
964 4326 1013 4386 per
1025 4311 1154 4370 Ciconum
1169 4313 1283 4370 resultat
1295 4310 1422 4378 liebrus,

852 4406 982 4477 Prineeps
993 4405 1155 4462 instituisset
1168 4405 1215 4462 ille
1228 4412 1332 4471 ratum,

810 4471 838 4533 D
852 4498 919 4555 Cum
931 4494 1026 4552 tiuloes
1036 4493 1157 4551 animata
1171 4509 1235 4551 saxa
1247 4492 1358 4550 ebordm

852 4585 1184 4659 Terrentperiibndopen
1201 4583 1426 4650 trairenteoanto,
1475 4628 1478 4634 .

852 4678 886 4736 iit
899 4692 978 4736 versa
988 4678 1049 4734 riee
1062 4676 1179 4734 lontibus
1193 4675 1293 4747 ligatis,

854 4765 1347 4841 Terrasesrrereeosserentanbelas·

112 4928 277 5001 appellatum
302 4929 419 5000 itemque
440 4930 511 4999 apud
524 4928 640 4986 Plinium
664 4937 692 4989 et
703 4928 799 4988 Aetbi·
852 4931 894 4988 iil.
913 4929 1033 4989 Talentis
1045 4928 1152 4996 lorini,
1167 4942 1247 4999 qoem
1266 4927 1396 4998 Lupicino
1411 4927 1513 4998 erilega
1527 4926 1578 4985 sub
1592 4919 1644 4978 'ia-

105 5005 119 5055 ι
134 5001 162 5056 ιι
175 4999 278 5057 Tabnla
291 5001 454 5070 Pentingeri.
853 5002 1002 5059 lentiniano
1014 5001 1122 5056 seniore
1131 5001 1224 5069 pessit,
1237 5012 1297 5054 eum
1309 4999 1427 5081 equitum
1440 4998 1648 5068 magisteresset

105 5071 241 5126 urentium
257 5081 358 5141 patrem
373 5070 491 5127 laudata
505 5070 698 5141 pbilosopbieis
712 5073 798 5144 poeti·
851 5089 900 5145 per
913 5071 1023 5140 Callias,
1032 5079 1060 5128 et
1069 5069 1233 5126 Alamannos
1242 5067 1343 5139 ingenti
1355 5078 1445 5139 strage
1456 5068 1482 5124 in
1493 5067 1645 5128 Catalaunis

107 5139 270 5210 disciplinis,
291 5150 346 5196 tum
359 5140 472 5209 Craeeis,
488 5152 544 5196 torn
558 5141 670 5198 Latinis.
852 5143 1039 5215 prdliipssaet,
1063 5150 1095 5197 ut
1113 5139 1284 5196 Marcellinus
1299 5146 1389 5194 narrat
1404 5140 1422 5193 l.
1440 5154 1522 5195 xrrrr.
1541 5139 1647 5209 Deque

105 5210 121 5283 Ι
139 5208 306 5267 1ἰιιοιιιιιιιι
325 5224 353 5267 et
375 5211 502 5267 Statium.
526 5211 627 5268 bononi
641 5213 714 5269 enim
728 5229 799 5271 uror
852 5214 937 5271 etiam
952 5211 1047 5271 serlbit
1070 5209 1260 5268 Tlodoordosr
1284 5209 1408 5265 ilistorire
1429 5208 1456 5277 6,
1475 5217 1504 5265 et
1523 5209 1647 5278 antiquos

105 5285 143 5337 lia
155 5282 330 5366 Argentaria,
352 5291 379 5337 et
393 5291 499 5337 mortno
513 5282 636 5350 Lucano,
657 5283 754 5350 Statii,
771 5293 800 5340 ut
852 5298 948 5341 versus
962 5282 1065 5354 prolert
1079 5296 1094 5336 a
1108 5281 1205 5339 lorino
1219 5281 1321 5350 positos
1340 5282 1366 5334 in
1386 5279 1416 5338 S.
1434 5278 1564 5350 Agricolae
1577 5278 1648 5331 basi-

105 5385 107 5400 ·
120 5352 179 5423 ipse
194 5369 221 5408 tn
235 5354 316 5411 Silvis
328 5354 418 5409 docet.
433 5353 547 5421 Quidam
559 5352 621 5408 iibri
636 5354 744 5424 pallidas
760 5356 800 5412 le·
853 5356 904 5412 lica
918 5369 998 5426 quam
1015 5353 1107 5408 lienus
1120 5350 1254 5407 lundarat.
1271 5351 1357 5421 ilnjns
1373 5351 1463 5420 itaque
1483 5347 1563 5403 liliam
1576 5347 1649 5399 Can-

853 5426 941 5483 sentio
955 5424 1056 5482 autimi
1079 5429 1190 5493 nuptam
1209 5423 1257 5478 ait.
1278 5422 1344 5489 Qum
1358 5435 1425 5478 nero
1438 5421 1598 5488 senormtnr,
1613 5414 1648 5472 de

105 5493 222 5552 abesset
236 5492 365 5550 iustorum
381 5509 478 5551 nomen
498 5494 668 5551 consulatum
687 5492 798 5552 denotat
850 5497 958 5568 juniore
968 5492 1126 5562 Conserttio,
1140 5494 1175 5550 ad
1187 5508 1266 5565 quem
1280 5492 1383 5559 scribit,
1395 5487 1454 5559 rapi
1465 5487 1574 5544 debent.

106 5625 193 5685 rtbios
206 5628 313 5684 Adsere.
329 5643 389 5699 pag.
405 5628 458 5685 tto
471 5629 535 5699 legit
548 5644 580 5686 ex
594 5627 705 5697 antinoo
719 5626 800 5699 libro,
855 5628 1025 5697 Cornelium,
1046 5639 1074 5686 et
1087 5630 1155 5686 alios
1171 5629 1242 5687 Celsi
1262 5625 1370 5683 nomine
1383 5623 1513 5680 celebres.
1527 5653 1563 5667 ·-
1575 5622 1647 5686 itan·

105 5697 193 5769 teleos,
207 5699 317 5758 Senecas
336 5701 443 5771 ιοᾳιιιιι,Ι
458 5703 540 5758 inisse
553 5701 693 5760 enimuero
704 5713 802 5772 praeter
856 5717 914 5759 ntus
928 5700 1065 5760 Sirmond.
1080 5703 1182 5772 editor,
1194 5697 1298 5771 praiat.
1313 5695 1346 5755 ad
1360 5705 1425 5753 tour.
1442 5694 1462 5764 l,
1476 5695 1491 5770 ς
1506 5696 1551 5756 ιι.
1641 5768 1643 5772 ⁴
