3788 6120
10 115 96 174 ‘arti

680 109 805 171 stooatt
823 109 1051 171 trotuuauts

1625 116 1678 176 eid

44 227 186 298 lampadis
204 227 280 282 basta
294 224 380 296 replet
394 242 402 281 a
416 239 469 282 nos
483 222 571 281 adstat
584 225 706 296 proxima
718 226 799 291 dirae,
850 230 873 288 Α
889 225 946 282 Sub
960 227 1061 283 ditione
1073 235 1127 290 tua,
1143 235 1268 296 tauquam
1281 234 1308 281 ιιι
1322 224 1427 283 miseris
1439 226 1505 283 illuc

44 322 103 377 bru
112 320 221 390 relugos
233 333 365 375 conversa
381 318 472 389 pedes,
488 333 520 374 ac
530 333 599 390 pone
612 319 729 374 tribunal

43 413 344 470 Promltlussununum
357 412 400 466 sir
416 412 550 467 intellecta
568 426 708 469 cacrnnen.

44 507 111 563 ilinc
122 505 235 562 Romam
249 505 350 578 liquido
361 505 511 561 uenientem
525 505 631 560 tramite
641 519 764 570 cennens,

43 600 159 657 Exsiluit
171 612 296 671 propere,
312 609 339 654 et
354 597 458 653 blandis
473 597 546 668 prior
557 610 618 651 orsa
631 596 753 668 loquelis.

77 690 160 758 Quid,
173 697 281 760 capeto
295 689 398 754 usundi,
414 688 491 753 dixit,
507 702 565 742 mea
580 702 662 759 regna
672 687 767 743 revisis
782 702 789 741 :

41 782 144 852 eridre
149 782 418 854 jubesll’aulumllla
426 781 520 848 silent,
529 789 608 851 atque
615 795 710 851 aspera
719 780 835 836 miscens

42 877 162 944 blitibus,
177 876 235 932 bae
246 875 329 944 coepit
344 893 351 928 :
366 875 452 930 lenio
467 873 584 942 (desiste
595 875 710 939 moneri,

42 970 98 1027 Nec
112 968 226 1025 stultum
240 966 361 1037 trepida)
374 981 427 1022 uon
438 978 466 1021 ut
482 965 548 1021 mibi
561 980 670 1036 pressus
684 970 789 1021 Ararcs

43 1061 171 1131 imposito
183 1058 234 1115 sub
245 1066 326 1129 ponte
340 1061 413 1126 liniat,
429 1072 479 1114 nec
494 1066 523 1114 ιιι
536 1056 631 1113 ordine
642 1059 731 1128 priseo

44 1152 150 1208 ludcus
164 1151 282 1207 Ausonia
299 1159 406 1220 potetur
419 1149 526 1205 casside
535 1147 657 1221 Ganges;

42 1251 95 1303 Aut
108 1255 138 1302 ut
148 1244 260 1318 tigriiegi
272 1247 423 1315 pharetrata
437 1257 560 1314 perarua
574 1242 695 1314 Niphatis

43 1338 224 1408 itepopulctur
235 1350 320 1392 orans
333 1336 462 1390 Artaxata
476 1332 571 1404 Caspia
587 1333 691 1389 consul.

43 1440 57 1469 ¹
70 1431 129 1487 Non
139 1432 200 1487 Pori
211 1431 292 1486 tundo
304 1444 386 1499 regna
401 1443 505 1499 precor,
525 1443 575 1484 nec
589 1435 619 1483 ut
636 1427 710 1484 bisce
726 1426 834 1484 lacertis

44 1523 161 1594 Frangat
173 1522 328 1596 Hydaspeas
341 1522 413 1577 aries
425 1522 556 1590 impactus
570 1518 708 1589 Erythras.

888 316 1022 387 insignem
1034 301 1096 374 c⁸unr
1108 331 1182 388 patre
1197 318 1296 374 Titum·
1312 318 1371 374 Tibi
1382 318 1480 390 Cypria
1496 334 1603 376 urerces

889 409 1005 465 Fertur:
1022 425 1158 482 pugnaees
1172 425 1223 480 ego
1234 425 1334 480 pauper
1349 410 1428 467 laurio
1441 411 1579 480 Catones,

890 504 1024 558 lurica-te
1039 503 1133 571 tellus,
1146 512 1173 559 et
1182 503 1296 559 Achaici
1308 503 1370 574 jura
1386 507 1560 572 tremiscunt,

888 593 989 650 Terrdis
1002 603 1030 649 et
1039 595 1066 649 ln
1077 594 1207 650 bimarem
1218 594 1306 650 leticia
1318 611 1399 665 regna
1413 595 1595 653 llorinthurn:

888 688 937 744 Dic
951 705 957 743 ι
975 689 1209 761 Byzantintrsquls
1220 705 1277 745 reru
1294 690 1341 745 tibi
1355 690 1499 747 Mummius
1513 694 1586 762 egit?

891 791 902 820 ι
919 783 972 838 Sed
985 783 1007 837 si
1022 781 1090 838 iorte
1106 782 1194 850 piacet
1208 792 1313 837 veteres
1328 783 1418 853 sepire
1431 785 1576 854 querelas,

887 872 1058 928 Anthemium
1072 873 1190 929 concede
1200 873 1280 940 mihi;
1294 874 1329 928 sit
1341 874 1461 942 paribus
1475 874 1535 930 istis

888 968 1035 1034 Augustus,
1051 964 1214 1035 longumque
1230 963 1299 1028 Leor
1311 979 1370 1019 urea
1383 965 1442 1033 jura
1456 965 1591 1036 gubernet

887 1056 972 1122 Quem
988 1057 1068 1125 petii;
1085 1055 1172 1125 patrio
1183 1055 1275 1111 vestiri
1290 1059 1391 1112 murice
1403 1067 1493 1112 natam

888 1146 970 1202 Caudi
980 1156 1008 1202 at
1022 1146 1198 1219 Errphcmiam
1213 1146 1287 1202 sidus
1300 1147 1386 1202 dirale
1398 1148 1529 1218 pannutia.

887 1240 980 1311 Adjice
992 1251 1122 1312 praterea
1136 1241 1270 1311 privatum
1282 1239 1315 1294 ad
1332 1239 1437 1309 publica
1452 1241 1551 1297 landus.

886 1331 927 1389 su
941 1348 1018 1389 socer
1029 1334 1164 1403 Augustus
1179 1348 1278 1403 genero
1290 1331 1423 1389 Ricimere
1438 1333 1548 1400 beatus;

885 1428 967 1500 305
980 1427 1123 1483 Nobilitate
1138 1425 1253 1483 micant:
1267 1438 1307 1484 est
1321 1428 1397 1483 robis
1417 1429 1490 1499 regia
1506 1427 1593 1501 uirgo,

885 1519 983 1590 Regius
994 1520 1039 1576 ille
1055 1519 1139 1584 mlltl;
1154 1519 1177 1574 sl
1190 1534 1304 1575 concors
1321 1520 1418 1576 annuis
1431 1519 1516 1583 istud.

42 1614 101 1670 Non
114 1616 142 1669 iu
158 1614 250 1670 Barctra
265 1613 348 1679 feror,
364 1627 414 1667 nec
423 1611 614 1666 committentia
629 1624 730 1679 pugnas
848 1606 947 1667 Bhloa
958 1610 1068 1682 Libyam
1078 1625 1189 1682 sperare
1199 1609 1292 1666 dabis:
1305 1611 1483 1681 circumspice
1499 1612 1582 1668 taedas

43 1703 168 1760 Arsacias
182 1718 234 1760 nou
245 1717 337 1773 quaero
351 1701 457 1768 domus,
472 1714 523 1755 uec
538 1710 638 1754 tessera
653 1700 749 1755 eastris

45 1798 74 1852 in
85 1794 260 1864 Ctesiphonta
271 1793 350 1850 datur
360 1811 367 1848 ε
378 1802 462 1848 totum
471 1793 541 1847 ltunc
552 1792 599 1847 tihi
607 1792 737 1847 cessimus
745 1806 832 1857 axem,

43 1889 76 1944 Et
87 1901 138 1945 nee
148 1888 188 1945 sic
198 1901 303 1943 mereor
316 1896 435 1942 nostram
447 1895 478 1940 ut
491 1896 582 1940 tueare
593 1883 745 1939 senectaml

40 1982 130 2037 Omne
138 1978 210 2052 quod
223 1979 385 2050 Euphratem
397 1977 550 2047 Tigrimque
561 1976 710 2046 interjacet,
721 1977 785 2031 olim

41 2071 105 2128 sota
120 2080 197 2127 uiues
212 2087 220 2124 τ
235 2084 280 2126 res
294 2077 382 2139 errrpta
400 2068 465 2123 mibi
479 2079 521 2123 est
534 2069 567 2123 de
582 2067 709 2139 sanguiue
721 2067 809 2122 Crassi
825 2083 833 2123 ι

42 2160 125 2233 3013
139 2160 179 2216 Ad
193 2159 290 2217 Carras
305 2160 419 2231 pretium
431 2159 536 2229 scripsi,
553 2173 601 2213 nec
612 2157 696 2213 inulta
707 2158 834 2224 remansi,

42 2254 95 2310 Ant
107 2253 236 2324 periitslc
246 2260 353 2320 emptus
368 2266 453 2322 ager:
469 2252 491 2305 si
505 2250 577 2317 lullo,
593 2249 713 2319 probasti

42 2345 56 2386 b
72 2345 199 2402 Ventidio
211 2355 326 2401 tuactate
340 2344 441 2411 Sapor3
459 2357 510 2399 nec
523 2343 621 2398 sullicit
636 2342 705 2396 istud
719 2360 726 2396 ι

43 2438 183 2493 Armenias
198 2434 226 2489 P.
239 2447 369 2505 uttrtuqne
384 2435 462 2500 deti,
477 2450 530 2504 quo
544 2434 628 2488 hiante
640 2435 762 2502 petitum,

41 2530 116 2586 Dicat
125 2528 200 2602 Sylla
211 2530 275 2595 ttbt3
289 2528 380 2583 lersan
395 2543 448 2582 nou
463 2526 580 2582 creditur
595 2526 640 2581 uul
656 2543 664 2582 ι

42 2620 159 2679 Consule
173 2618 324 2677 Lucullum.
341 2620 428 2674 Tacen
440 2619 496 2689 jum
512 2618 643 2688 Cycladas
655 2633 762 2674 omnes.

41 2714 179 2785 acquisita
192 2729 254 2770 meo
269 2711 354 2769 seruit
367 2713 415 2767 tibi
428 2712 506 2766 Creta
520 2711 637 2766 bletello.

41 2805 210 2877 Tnoscripsi
223 2805 321 2863 Cilicas
333 2822 340 2858 :
354 2807 402 2859 hos
414 2804 522 2872 blagnus
534 2803 638 2858 luderet
650 2804 723 2860 olim.

42 2896 135 2967 Adjeci
150 2896 247 2969 Syriae,
262 2910 329 2965 quos
343 2909 415 2949 uurrc
427 2894 586 2960 moderaris,
601 2893 728 2951 isauros:

42 2985 97 3041 line
111 3000 219 3058 quoque
231 2985 283 3042 sub
297 2986 396 3041 trostris
409 2984 512 3040 domuit
526 2983 655 3041 Seruilius
669 2988 761 3044 armis.

41 3077 167 3134 lbueessi
178 3063 285 3134 AEtolos
296 3085 413 3142 reseres,
429 3076 610 3146 Acheloiaque
623 3091 697 3143 arra,

40 3170 182 3228 runstuat
193 3169 338 3228 Attalicum
355 3168 425 3225 male
438 3169 546 3225 credula
562 3180 762 3228 testamentum.

41 3263 151 3335 Epirum
166 3265 283 3328 retines:
297 3272 325 3317 tu
340 3261 394 3317 scis
405 3259 450 3331 qui
464 3259 559 3316 debeat
572 3261 646 3318 illurn

40 3354 177 3425 Pyrrhum
194 3356 220 3411 ln
235 3352 369 3425 illyricum
384 3361 478 3422 specto
491 3361 516 3408 te
526 3351 632 3408 mittere
641 3352 720 3423 jura,

39 3445 78 3501 Ac
88 3445 218 3503 llseetmn
231 3453 319 3501 terras
332 3460 340 3499 ι
351 3454 376 3499 et
392 3443 476 3498 babes
486 3453 524 3509 tu,
537 3443 629 3509 Paule,
639 3454 762 3515 nepotes.

39 3534 147 3609 AEgyptl
161 3535 295 3592 lrumenta
310 3532 388 3599 dedi;
404 3533 469 3588 milri
484 3533 585 3591 ricerat
598 3534 661 3591 olim

40 3625 180 3686 Leucadiis
191 3627 309 3698 Agrippa
322 3623 408 3680 iretis.
419 3623 511 3679 ludua
522 3634 627 3682 tenetur

40 3797 125 3856 coque
139 3780 231 3839 habitu
252 3782 351 3851 passim
364 3780 482 3835 cernitur
497 3780 523 3836 in
540 3781 656 3852 antiquis
671 3797 830 3841 monumen-

40 3856 85 3912 tis·
98 3853 235 3913 osidiuss
246 3853 389 3910 Fastorum
403 3869 410 3906 z

100 3968 203 4019 Postera
213 3978 269 4017 cunt
279 3978 375 4015 roseam
382 3963 464 4074 tpulsis
475 3964 621 4028 Hyperionis
631 3967 703 4018 astris

130 4027 159 4082 ln
167 4028 292 4080 nntutnls
303 4026 380 4088 larrqa
399 4041 412 4076 a
423 4025 494 4076 tollet
505 4029 584 4089 equis.

40 4133 76 4191 Et
85 4133 214 4192 Sidonius
226 4135 284 4205 ipse
298 4131 446 4187 carminat)
459 4129 538 4187 indos
552 4131 636 4187 dixit:

101 4246 202 4298 Aurorae
213 4244 267 4297 iace
280 4245 355 4296 ciriea
368 4249 490 4307 perusus.

884 1702 1026 1774 Antiquos.
1042 1719 1091 1774 par
1101 1703 1173 1758 nulla
1186 1702 1234 1758 tibi
1252 1704 1291 1759 sic
1305 1705 1400 1774 copula
1415 1714 1516 1775 praesto
1530 1716 1583 1760 est.

885 1794 1007 1850 Prolcrat
1021 1793 1064 1849 bic
1074 1806 1194 1851 veterum
1211 1794 1343 1850 thalamos
1352 1796 1509 1853 discrimine
1523 1810 1618 1867 partos

884 1885 998 1953 Gracia,
1012 1885 1039 1941 ui
1050 1885 1204 1955 pudorosa:
1220 1887 1351 1957 reparatis
1367 1886 1426 1942 Pisa
1438 1887 1581 1959 quadr'gis

884 1978 1002 2032 Suscitet
1014 1976 1194 2045 OErromaum,
1208 1987 1279 2032 natae
1289 1992 1368 2048 quem
1384 1977 1478 2033 smerde
1491 1980 1636 2037 caderrtetu

884 2066 968 2124 Cerea
984 2068 1106 2122 destituit
1117 2067 1244 2123 resolutis
1257 2067 1351 2123 aarum
1364 2068 1445 2125 obex.

886 2157 1016 2213 Procedat
1029 2156 1136 2212 Colchis
1148 2157 1222 2227 prius
1236 2158 1324 2229 agnita
1340 2159 1415 2231 rlrgo
1428 2159 1527 2217 marito

885 2249 1014 2312 Crim'ne,
1026 2263 1105 2319 quana
1118 2262 1204 2315 sexu;
1218 2258 1322 2320 spectet
1335 2250 1369 2305 de
1382 2266 1490 2308 carcere
1499 2253 1566 2310 circi

886 2340 1019 2397 Pallentes
1036 2340 1160 2395 Atalanta
1177 2354 1284 2409 procos,
1298 2351 1323 2396 et
1339 2356 1416 2411 poma
1432 2341 1524 2399 decori

885 2432 1060 2504 lllppomcnis
1068 2431 1122 2502 jan
1139 2447 1191 2486 non
1203 2446 1252 2501 pro
1265 2433 1325 2487 solo
1334 2432 1443 2504 colligat
1459 2449 1536 2491 auro.

887 2524 1010 2594 Deianira
1026 2534 1086 2580 tuas
1099 2524 1233 2580 Acltcloiis
1245 2525 1379 2596 gymnade
1397 2527 1503 2598 pinguls

886 2620 1007 2676 illustret
1017 2617 1113 2684 taedas,
1127 2624 1155 2672 et
1169 2616 1203 2671 ab
1214 2615 1329 2673 ilercule
1342 2631 1453 2688 pressus
1465 2619 1566 2677 anbelo

886 2713 1024 2767 Lassatum
1040 2710 1128 2765 loreas
1142 2708 1208 2764 risis
1223 2708 1353 2764 riualibus
1368 2708 1483 2765 bostem.

885 2801 1061 2868 (inantemuis
1072 2809 1190 2871 repetam
1203 2797 1302 2856 reterls
1312 2800 1444 2856 manubia
1456 2801 1545 2869 secli,

885 2891 1091 2948 Transceudunt
1108 2891 1152 2946 hic
1167 2890 1273 2956 heroas,
1285 2888 1409 2947 heroidas
1424 2890 1479 2947 illa.

848 2977 942 3042 Chloe
957 2985 1100 3050 thalamos,
1122 2981 1250 3048 humer,
1266 2981 1352 3037 uirtus
1370 2980 1418 3039 tibi
1440 2983 1564 3055 pronuba
1584 2986 1675 3057 poscit

886 3081 973 3148 Atque
983 3074 1119 3130 Ilioneum
1132 3073 1178 3128 dat
1192 3073 1285 3129 blartia
1300 3073 1391 3129 laurea
1407 3084 1535 3144 myrtum.

887 3171 959 3241 Ergo
973 3183 1036 3238 age:
1055 3167 1129 3223 trade
1148 3167 1234 3221 virum
1250 3181 1304 3220 nou
1318 3165 1373 3220 otia
1389 3167 1462 3238 p²grs
1478 3164 1626 3228 foventem.

888 3261 1048 3332 ileliclisque
1061 3273 1184 3329 graecum
1198 3257 1245 3313 sud
1260 3255 1274 3295 ‘¹
1289 3273 1368 3326 iguem
1388 3258 1469 3315 modo
1484 3260 1612 3317 nauticus
1627 3263 1676 3323 urit

886 3355 986 3419 AEstus‚
999 3350 1175 3426 Abydenique
1188 3351 1275 3416 sinus,
1286 3359 1313 3406 et
1326 3350 1428 3407 Sestias
1437 3366 1485 3406 nra

884 3442 1110 3516 hellespontiacis
1119 3442 1335 3500 circumclamata
1348 3442 1492 3514 procellis:

883 3538 954 3606 Quas
969 3536 1053 3607 pelagi
1069 3538 1158 3590 lauces
1168 3549 1221 3590 non
1236 3534 1275 3591 sic
1289 3535 1409 3592 tenuisse
1422 3533 1465 3592 rel
1480 3535 1556 3592 illurn

883 3628 1060 3694 Crediderim,
1074 3628 1116 3686 cui
1129 3636 1223 3699 ruptus
1236 3627 1332 3695 Abos,
1348 3627 1391 3684 cul
1402 3626 1504 3699 remige
1518 3628 1599 3686 bledo

883 3788 929 3844 illo
946 3787 1005 3857 lpso
1025 3785 1069 3842 die
1082 3801 1135 3857 qno
1148 3798 1210 3841 anre
1225 3801 1311 3842 annos
1328 3787 1362 3843 lh
1375 3786 1503 3843 Crassmn
1523 3787 1559 3844 ad
1579 3786 1677 3845 Carras

883 3874 930 3928 per
945 3862 1077 3914 surculam
1095 3859 1245 3923 occiderat,
1258 3872 1272 3911 a
1287 3856 1411 3913 Ventidio
1434 3861 1491 3929 ipse
1515 3874 1604 3916 casus
1625 3870 1677 3917 cst.

882 3929 971 4013 Quare
985 3926 1156 4010 Crassianam
1171 3928 1271 3983 cedern
1287 3925 1382 3985 Pacori
1394 3933 1469 3986 cade
1482 3940 1626 4000 pensamus
1640 3933 1678 3987 ait

883 3997 1191 4152 strgrgsrgrpd'uhoffl’
1214 4068 1328 4152 Romani
1343 4067 1412 4138 juris
1425 4069 1589 4138 provinciis,
1609 4086 1677 4142 qaas

884 4139 1678 4282 ¹lttlt.italihatltldalailtuitiata:

884 4227 995 4336 :fferam
1008 4279 1154 4349 Augustam
1167 4280 1255 4335 rideat
1269 4251 1345 4336 dirus
1366 4280 1516 4336 llarclanus
1539 4298 1548 4337 ι
1567 4229 1643 4338 atleteJ
1650 4292 1679 4340 et

75 4357 89 4387 ⁸
103 4347 150 4404 Sic
163 4347 303 4432 legendum
318 4347 421 4412 censuri,
441 4363 496 4403 uon
511 4346 612 4433 l’lrnn'i²
624 4357 653 4405 ut
667 4349 694 4434 ln
704 4351 828 4435 vulgatis.
843 4392 869 4454 D
884 4351 1026 4435 Ricimeris
1038 4351 1143 4435 uurrptias
1157 4364 1218 4406 curn
1232 4351 1286 4406 lilla
1298 4349 1444 4407 Anthemii.
1459 4351 1526 4420 Quas
1536 4357 1630 4436 omnia
1644 4371 1677 4410 ea

37 4418 162 4544 ιιιιιὲιιιι
177 4419 239 4473 Ιόιι
253 4420 323 4473 ultra
339 4418 489 4488 ilydrrspenr
509 4429 568 4475 crat
582 4435 589 4476 ι
605 4436 632 4475 ιι
652 4436 728 4490 cuyus
754 4439 827 4493 rtpa,
882 4423 941 4477 alus
955 4421 1058 4478 Srdouu
1082 4421 1149 4477 toeu
1169 4430 1248 4490 nota,
1270 4430 1369 4492 practer
1383 4435 1480 4478 nomeu
1495 4420 1676 4491 suphene,

101 4487 300 4544 rutulianus
312 4491 508 4556 narrat‚rietus
520 4498 573 4558 est,
603 4492 728 4548 cohibere
743 4502 830 4549 traus-

41 4560 80 4615 ltu
102 4558 200 4614 lrttstrs
225 4568 336 4614 mutatus
361 4559 555 4640 Alexandrum.
578 4506 673 4617 tyernn
698 4563 829 4635 Erythras

41 4628 165 4699 untur,
179 4628 327 4695 hereticas,
349 4627 480 4684 AEtnlreas
501 4630 613 4699 legimus
627 4648 635 4687 a
650 4632 826 4704 ttytaspanu,

41 4706 94 4755 troc
112 4706 156 4755 est
174 4697 297 4764 lodices,
319 4712 459 4785 nusquam.
475 4700 629 4770 Erythraeos
644 4704 715 4758 enim
732 4705 827 4760 bacehi

902 4492 952 4547 uod
980 4492 1043 4548 huic
1063 4491 1109 4547 uni
1133 4493 1191 4547 loco
1214 4492 1353 4547 debemus.
1377 4491 1415 4548 lle
1429 4492 1478 4548 hac
1497 4500 1590 4550 tamen
1606 4494 1679 4550 liuh.

881 4509 1002 4618 gerlasius
1013 4560 1115 4633 antiqui
1126 4563 1226 4616 nummi
1239 4561 1341 4631 prniert
1354 4563 1570 4632 inscriptionem,
1584 4566 1612 4619 in
1625 4579 1678 4636 qna

884 4633 923 4687 rt.
941 4633 1073 4688 biarciana
1089 4636 1207 4702 Augusta
1222 4633 1280 4689 roei
1293 4644 1367 4700 atur;
1383 4632 1454 4704 quod
1471 4634 1493 4689 si
1509 4648 1607 4690 reram
1619 4645 1678 4703 eat,

884 4702 923 4761 tt.
955 4702 1130 4769 Euphetuiatu
1157 4702 1319 4759 biarciauaru
1349 4703 1511 4775 appellatam
1543 4706 1677 4775 opnrrsin

40 4769 196 4851 triurupbos⁸
206 4768 350 4852 Martialis.⁸
367 4769 519 4850 brythraeas
535 4786 654 4841 gemmas
668 4786 696 4855 et
710 4789 828 4844 smarag·
879 4774 1013 4857 llarterum
1023 4789 1057 4828 ex
1068 4772 1212 4857 Anthemio
1222 4783 1250 4829 et
1262 4774 1476 4857 Euplreurinnatl
1486 4785 1563 4840 sunt.
1577 4788 1679 4845 praeter

41 4841 91 4896 alos
103 4839 361 4895 cinomannensis
376 4839 436 4905 alu,
451 4855 503 4895 nun
516 4842 551 4896 ab
566 4842 631 4899 urbe
650 4844 755 4914 aitqua,
779 4846 827 4901 sed
880 4853 976 4899 luceru
992 4842 1107 4899 nonniuls
1121 4843 1202 4898 libam
1218 4860 1278 4915 quae
1289 4844 1417 4902 Ricimere
1429 4844 1530 4915 nupsit,
1545 4857 1603 4902 stes
1616 4844 1676 4913 ilbi,

41 4911 76 4967 ab
90 4908 230 4979 Erythrae
240 4912 319 4977 mari,
331 4911 401 4979 quod
418 4909 518 4966 indiam
529 4913 615 4978 allisit,
629 4926 826 4985 nuncuparunt.
879 4915 1048 4977 Marcianus,
1065 4914 1193 4969 annulus
1207 4926 1232 4968 et
1248 4916 1413 4982 Procopius.
1427 4915 1575 4986 dequibus
1592 4916 1678 4973 mults

40 4986 75 5039 at
88 4980 215 5037 Sidonius
236 4981 311 5034 urbis
335 4995 432 5035 norrreu
451 4996 511 5037 csse
532 4983 711 5052 existimavit,
727 4999 827 5057 easque
879 4985 1037 5040 Theodorus
1051 4984 1146 5040 Lector
1159 5003 1183 5039 ur
1197 4985 1392 5053 cntteetauets,
1414 4986 1533 5041 ltalclrus
1547 4986 1677 5059 Sophiste

40 5050 217 5123 ttytnspuss,
232 5049 409 5133 sagittiferas,
425 5053 528 5118 tepidas
543 5054 669 5125 Erythra.
690 5056 827 5126 appellare
877 5055 904 5110 iu
917 5056 1093 5125 llyaanincis,
1110 5064 1137 5111 et
1152 5053 1288 5111 Candidus
1300 5057 1406 5112 lsanuus
1419 5057 1467 5112 lib.
1479 5071 1501 5117 ,ιι
1515 5055 1656 5113 tttstorte.

40 5124 118 5186 nutet.
131 5128 185 5177 uta
197 5124 305 5177 cereris
317 5122 472 5191 distrnguat.
913 5123 1074 5194 dSignilieat
1087 5125 1271 5192 Anthemium,
1286 5142 1339 5196 quo
1352 5136 1473 5196 tempure
1486 5128 1521 5182 ad
1531 5128 1678 5196 imperinm

56 5190 89 5275 ,ἱ
104 5195 142 5249 lta
154 5192 215 5249 libri
228 5206 332 5249 ornnes.
345 5192 423 5261 Atqui
439 5190 598 5273 Parthorum
615 5193 670 5264 regi
685 5211 764 5266 quent
776 5211 824 5253 oc·
877 5199 980 5252 accitus
1003 5208 1055 5263 en,
1082 5197 1285 5267 ttettespnntteae
1313 5199 1393 5252 classi
1418 5198 1497 5271 115
1524 5197 1678 5267 prefuisse,

39 5262 105 5317 ntis
120 5262 273 5329 l'eutidius,
285 5279 339 5318 nun
350 5261 462 5343 διιιιιιξ
478 5263 524 5316 sed
538 5263 638 5317 Pacoro
650 5282 747 5320 nornen
763 5266 823 5321 luit.
877 5283 955 5336 quarn
971 5269 998 5319 in
1009 5268 1068 5335 ejus
1083 5267 1145 5323 ireti
1157 5269 1286 5339 portubus
1302 5267 1402 5325 babere
1419 5275 1545 5324 sotebant
1563 5267 1668 5339 inspers

39 5330 187 5403 totamm
200 5334 312 5390 Sidonio
322 5332 374 5388 dici
391 5341 475 5402 potunt
489 5333 577 5400 quivis
591 5351 636 5388 rex
653 5335 822 5403 Parthorum,
879 5338 1091 5393 suessonense.
1117 5339 1199 5394 Erant
1216 5340 1286 5393 eninr
1307 5348 1334 5395 et
1347 5340 1447 5394 classes
1467 5339 1529 5393 aliae
1550 5347 1612 5394 toto
1632 5340 1679 5395 ab

42 5412 69 5457 ut
88 5403 212 5459 Arsaces.
228 5404 264 5459 lta
279 5406 350 5460 enim
366 5404 394 5457 in
409 5403 572 5475 Patrcgyrico
587 5404 656 5458 Aviti
680 5407 775 5476 legitur
799 5409 824 5462 in
880 5410 945 5462 mari
967 5410 999 5462 ad
1016 5410 1103 5463 varios
1117 5424 1182 5462 usus
1200 5408 1343 5478 dispersa,
1359 5419 1388 5464 ut
1401 5408 1560 5476 CarpatbiA.
1581 5410 1678 5465 Seleu·

41 5474 243 5542 optimismss..
258 5472 393 5527 Parthicus
408 5477 475 5528 altro
493 5477 668 5529 restituitureu
689 5478 826 5543 riqnnSu-
878 5493 955 5541 cena.
977 5478 1168 5545 Aleaandrlna,
1184 5495 1297 5551 quarum
1318 5481 1419 5536 mentio
1449 5482 1476 5534 in
1497 5478 1605 5551 legibus
1625 5483 1669 5537 An

42 5559 98 5613 yur.
113 5556 173 5597 curu
191 5545 336 5601 restituerit
351 5545 488 5601 Phraates.
513 5544 629 5601 Pacorus
648 5534 743 5603 Orodis
757 5549 826 5603 itlius
879 5551 975 5616 gustis.
