3788 6120
152 265 206 323 735

153 374 208 431 Nec
220 387 273 427 non
286 370 388 426 ismara
399 368 504 426 solibus
517 372 657 438 paterent,

154 466 247 522 Aurita
261 463 357 534 chelyn
371 467 516 531 expetente
531 459 608 525 silra,

155 555 189 610 ut
200 554 263 608 nulli
278 552 437 607 resolubiles
449 551 531 605 calori
551 592 553 597 .

155 647 269 703 Cursata
285 654 396 701 ruerent
412 645 486 700 nives
497 643 531 697 ab
544 643 628 704 Ossa,

156 739 278 796 Stantem
293 745 339 792 aut
353 738 495 808 Strymona
512 736 636 789 Bistones
652 731 791 796 viderent,

156 831 223 887 Cum
236 846 345 885 carmen
358 828 466 898 rapidus
478 828 552 883 lates
565 825 663 881 sitiret.

158 925 213 984 uic
226 926 249 978 si
263 924 370 978 Peliaco
384 923 462 978 datus
475 919 618 976 bimembri

159 1016 199 1072 Ad
211 1015 370 1071 Centaurica
387 1012 486 1083 plectra
499 1011 693 1078 constitissem,

160 1108 297 1164 llinnitum
312 1106 424 1173 duplicis
438 1105 536 1159 timens
547 1101 679 1174 magistri.

161 1197 216 1254 Nec
228 1199 250 1252 si
267 1213 310 1252 me
324 1195 461 1251 docuisset
474 1194 520 1250 ille
534 1194 600 1261 lari,

161 1286 258 1344 iussus
272 1301 384 1358 pascere
399 1286 444 1356 qui
458 1300 566 1356 gregem
580 1293 621 1339 est
633 1283 750 1350 clientis,

163 1377 308 1447 Amphrysi
324 1376 356 1430 ad
374 1376 495 1441 llnvinm,
510 1375 577 1430 dens
590 1372 729 1437 bubulcus,

163 1469 238 1536 Qstod
252 1466 417 1535 ferrugineos
429 1464 562 1538 Cyclopas
573 1478 636 1520 arcu

162 1556 268 1612 Stravit
281 1557 332 1612 sub
343 1555 533 1628 Liparensibus
548 1555 673 1619 caminis,

166 1648 282 1704 vibrans
297 1648 356 1718 plus
371 1663 451 1718 grave
465 1647 565 1703 fulmen
581 1648 608 1703 iu
623 1648 729 1717 sagitta.

202 1740 259 1795 lant
275 1741 362 1812 pr'mo
378 1748 472 1797 tenero
482 1739 614 1797 calentem
627 1739 662 1799 ab
675 1747 748 1806 ortu,

167 1831 306 1903 Excepere
320 1835 380 1888 sinu
394 1847 490 1889 novem
503 1847 623 1900 sorores,

168 1921 202 1977 Et
215 1932 240 1977 te
253 1923 287 1977 de
301 1924 431 1993 genitrice
445 1915 608 1993 vagientem.

169 2012 307 2068 Tc‘sersmt
320 2013 412 2069 vitree
425 2012 493 2068 rado
505 2013 696 2083 Hippocrenes.

170 2101 245 2158 Tunc
260 2103 309 2158 hnc
325 2118 429 2159 mersus
443 2118 510 2174 aqua
526 2103 646 2173 loquacis
658 2104 746 2174 tunde,
820 2105 823 2112 '

169 2197 224 2252 Pro
237 2196 318 2251 ductu
334 2211 412 2267 mage
426 2197 529 2251 litteras
540 2196 640 2253 bibisti.

171 2286 248 2342 Tunc
261 2299 289 2341 tu
298 2287 353 2356 jam
366 2301 433 2357 pvtcr
445 2288 533 2355 aptior
546 2286 686 2357 magistro,

171 2377 304 2447 Quidquid
319 2377 459 2433 rhetorice
474 2377 664 2445 institutionis,

171 2467 252 2540 405
266 2467 399 2539 Quidquid
412 2469 622 2540 grammaticalis
633 2477 680 2524 aut
695 2470 818 2541 palestrae
833 2479 886 2534 est,

173 2560 246 2618 Sicut
259 2561 314 2632 Jatu
331 2570 407 2617 tener
420 2561 560 2629 hauseras,
577 2563 688 2619 rorasti.

172 2654 207 2711 lit
218 2655 274 2726 jam
288 2665 315 2711 te
328 2656 389 2711 aula
403 2656 472 2722 tulit,
486 2663 500 2693 ¹
516 2656 629 2725 piusque
642 2655 768 2726 princeps

174 2743 247 2800 lnter
260 2747 421 2816 conspicuos
435 2745 525 2801 statim
537 2745 646 2813 locavit,

172 2834 339 2891 Consistoria
354 2851 421 2905 quns
436 2835 556 2906 babent,
571 2835 715 2893 tribunos:

173 2923 295 2996 llamque
306 2935 335 2981 et
347 2940 495 2996 purpureus
510 2928 537 2982 in
552 2941 616 2984 arce
632 2927 707 3000 regul

174 3018 296 3075 Praeesse
310 3018 405 3074 ciliciis
420 3019 472 3076 tuis
486 3018 603 3088 solebat,

174 3108 263 3164 liores
276 3107 416 3164 nobilitate
429 3109 500 3178 quod
515 3109 664 3165 merebant.

175 3199 291 3254 Tantum
308 3200 432 3255 culminis
444 3210 471 3255 et
484 3200 566 3256 decus
580 3201 742 3271 stupendum

176 3289 277 3361 scripti
292 3291 434 3346 annalibus
444 3292 565 3348 indicant
578 3292 708 3350 honores.

176 3381 245 3438 llinc
259 3392 286 3438 tu
302 3381 422 3439 militiam
435 3394 545 3440 secutus
557 3384 684 3454 amplam,

177 3481 347 3537 castrensem
362 3481 424 3536 licet
438 3480 568 3550 ampliare
581 3495 692 3537 censum

164 3560 230 3628 *Per
241 3571 366 3644 suffragia
381 3571 453 3643 justa
467 3571 617 3629 debuisses.

178 3665 312 3722 Solemnis
327 3675 416 3720 tamen
430 3667 568 3722 abstinens
583 3665 685 3735 lucelli,

180 3755 262 3812 Panna
277 3758 336 3828 plus
351 3757 469 3827 locuples
478 3757 500 3812 'd
520 3773 593 3813 mum
607 3758 712 3828 redisti,

179 3849 271 3907 Solum
287 3851 358 3921 qued
372 3850 485 3906 dederas
501 3860 575 3906 tuum
588 3852 715 3922 putando.

216 3941 283 3997 Tum
296 3943 317 3998 si
333 3943 401 3999 lorte
416 3942 465 3997 luit
476 3943 548 4014 quud
559 3945 705 4017 imperator

772 245 895 305 stuouu
915 240 1145 302 subtutusuts

962 357 985 416 A
999 355 1013 395 h
1030 357 1099 413 ans
1114 354 1200 413 soceri
1212 353 1304 411 vetsire
1319 352 1346 409 in
1359 367 1439 409 aures

1003 449 1070 505 Fido
1084 450 1231 517 interprete
1245 445 1327 501 vellet
1341 454 1368 501 ct
1381 443 1480 515 perito,

1002 541 1040 595 Tc
1051 538 1212 595 commercia
1223 535 1336 607 duplicis
1351 533 1465 604 loquele

1003 632 1115 686 Doctum
1130 628 1237 685 solvere
1253 627 1374 696 protinus
1389 623 1505 694 legebat.

1003 724 1037 789 0,
1052 722 1143 787 sodes,
1160 717 1266 790 quoties
1280 718 1327 773 tibi
1343 714 1464 786 loquenti

1006 813 1153 885 Byzantina
1166 809 1265 880 sophos
1278 807 1377 864 dedere
1392 804 1492 876 regnal

1006 910 1040 966 ut
1053 919 1079 966 te
1094 924 1141 965 seu
1157 908 1283 963 latialiter
1295 912 1454 971 sonantem,

1006 1004 1145 1073 Tanquam
1160 1001 1292 1057 llomulea
1306 990 1393 1054 satu'm
1408 997 1536 1062 suburra,

1006 1095 1060 1151 Seu
1071 1095 1168 1166 linguae
1183 1092 1316 1162 Argolicae
1327 1089 1491 1147 rotunditate

1009 1184 1171 1250 llndsntcm,
1183 1182 1341 1239 hlaratltoue
1353 1196 1403 1236 ectt
1417 1188 1538 1236 creatum
1553 1193 1561 1233 a

1009 1278 1170 1334 Plaudentes
1181 1286 1310 1346 stupuere
1322 1273 1504 1345 bosphorani,

1010 1370 1096 1426 llirati
1113 1369 1201 1423 utinus
1215 1369 1318 1424 Atticos
1334 1367 1469 1422 alumnos.

1011 1461 1079 1517 ilinc
1093 1461 1115 1516 si
1130 1460 1231 1516 loedera
1247 1459 1418 1515 solverentur
1430 1457 1519 1521 orbis,

1011 1553 1093 1628 406
1107 1555 1204 1610 Pacem
1222 1563 1247 1609 te
1261 1551 1350 1608 medic
1360 1551 1454 1607 darent
1467 1549 1573 1607 leroees

1012 1645 1136 1712 Chunus,
1151 1645 1342 1709 Sattromstes,
1358 1642 1450 1712 Getes,
1466 1639 1597 1696 Gelonus.

976 1728 1000 1792 B
1014 1736 1055 1794 Tu
1069 1738 1076 1771 ¹
1093 1737 1241 1805 Tuncrum,
1254 1745 1282 1792 et
1293 1733 1444 1801 llaebalim,
1458 1732 1597 1804 Visurgin,
1614 1728 1705 1795 Albin,

1014 1830 1182 1887 Francorum
1194 1837 1223 1885 et
1239 1822 1420 1899 penitissimas
1434 1824 1547 1909 paludes

1015 1921 1141 1988 intrares,
1156 1919 1351 1977 venerantibus
1365 1916 1524 1984 sicambris,

1014 2014 1087 2071 Solis
1100 2013 1219 2070 moribus
1234 2014 1306 2069 inter
1317 2025 1392 2066 arms
1404 2016 1487 2066 tutus.

1018 2105 1058 2160 Tu
1073 2103 1212 2165 limotidm
1226 2100 1391 2173 Caspiasque
1405 2108 1510 2171 portas,

1016 2197 1057 2252 Tu
1073 2196 1152 2251 desis
1167 2195 1283 2264 equitata
1298 2193 1393 2248 llactra
1409 2188 1516 2246 Parthis

1017 2288 1152 2345 Constans
1164 2286 1368 2356 intrepidusque
1381 2284 1422 2340 sie
1437 2283 1542 2351 adires,

1019 2380 1054 2436 tlt
1069 2381 1137 2434 tastu
1150 2379 1239 2448 posito
1254 2377 1381 2433 tumentis
1395 2375 1476 2442 aulas,

1018 2473 1070 2543 Qui
1083 2487 1165 2543 supra
1180 2483 1303 2541 satrapas
1315 2469 1392 2525 sedet
1404 2476 1543 2539 tyrannus,

1020 2566 1138 2623 lluctsus
1151 2564 1300 2621 semideum
1314 2560 1547 2634 propinquitates,

1020 2659 1153 2716 Lunatum
1169 2656 1214 2712 tibi
1229 2655 1351 2710 llecterct
1363 2653 1470 2707 tiaram.

1020 2751 1061 2807 Tu
1075 2751 1097 2805 si
1114 2748 1218 2819 publica
1235 2749 1289 2802 lata
1303 2761 1357 2802 non
1370 2751 1496 2802 vetarent

1022 2843 1057 2902 lit
1072 2844 1181 2915 Byrsam
1198 2848 1314 2911 peteres,
1331 2839 1375 2895 vel
1388 2835 1524 2894 Africanae

1021 2935 1138 2993 Telluris
1148 2928 1460 3008 Tanaiticumrebellem
1478 2944 1486 2982 s

1023 3025 1171 3083 Confestim
1187 3024 1276 3095 posito
1291 3012 1382 3077 lurore
1395 3019 1500 3084 llartis,
1551 3035 1553 3039 ·

985 3092 1010 3156 c
1025 3119 1089 3173 Post
1102 3115 1212 3189 piratica
1228 3114 1324 3170 damna
1339 3111 1488 3168 destinaret

1025 3207 1121 3265 Plenas
1135 3205 1269 3262 mercibus
1283 3204 1391 3260 institor
1404 3203 1526 3268 carinam

1026 3302 1060 3358 Et
1072 3315 1120 3372 per
1135 3308 1161 3356 tc
1172 3299 1242 3355 benc
1258 3312 1322 3367 pace
1336 3297 1480 3365 restituta,

1025 3391 1083 3447 lton
1099 3391 1169 3445 ultra
1184 3389 1251 3445 mibi
1266 3388 1335 3444 bella
1350 3387 1518 3459 navigarent.

1060 3479 1119 3537 lum
1133 3479 1237 3534 siseris
1251 3478 1319 3533 lorte
1334 3477 1524 3534 terminantem

1026 3572 1065 3628 Te
1079 3569 1229 3641 spectacula
1243 3576 1372 3640 ceperant
1387 3567 1499 3634 theatri,
1515 3581 1517 3585 ·

1027 3663 1148 3720 Pellebat
1163 3661 1264 3717 chorus
1274 3661 1362 3716 omnis
1374 3660 1551 3724 ltistrionum,

969 3782 971 3786 ⁴
1027 3758 1165 3826 Tanquam
1180 3754 1203 3810 si
1216 3756 1387 3821 Arcitenens,
1403 3766 1554 3823 novemque
1569 3752 1654 3809 llusae

1029 3849 1142 3918 Propter
1156 3847 1255 3917 pulpita
1267 3844 1373 3915 judices
1384 3844 1520 3902 sederent.

1028 3941 1126 3998 Coram
1140 3948 1167 3996 te
1180 3950 1192 3979 ⁰
1206 3938 1374 4006 Caramallus,
1389 3945 1436 3994 aut
1446 3937 1585 3993 Phabaton

218 4115 317 4201 ⁸Plne.
335 4117 552 4186 Valentinianus,
567 4135 581 4176 a
599 4136 653 4192 quc
667 4123 790 4177 tribunus
812 4131 839 4178 et
854 4122 976 4178 notarius
1030 4121 1181 4185 clericorum,
1193 4119 1317 4191 expositio
1329 4120 1423 4184 tacito:
1438 4128 1465 4174 ot
1477 4116 1596 4173 incertus
1606 4125 1702 4174 auctor
1713 4118 1748 4175 de
1758 4118 1806 4176 Pa

182 4189 209 4245 in
224 4191 384 4245 cosssssturio
404 4189 565 4246 Consentius
578 4201 685 4248 creatus
704 4200 756 4247 est.
770 4191 799 4246 ln
813 4193 976 4247 consistorio
1031 4191 1142 4246 tomituo
1157 4207 1164 4244 ι

182 4259 254 4316 enim
270 4259 396 4329 principis
409 4260 556 4315 militabant
571 4262 670 4316 tribuni
684 4269 712 4317 et
724 4261 832 4317 notarii.
848 4264 866 4317 Ι.
881 4262 974 4318 Ξοοιι.

182 4329 287 4386 Tlseod.
303 4331 337 4386 de
356 4330 512 4386 Primiccrio
530 4342 557 4385 et
576 4331 697 4386 notariis.
719 4331 860 4399 inscriptio
880 4340 976 4388 statinae

183 4401 301 4457 Petronii
328 4401 454 4468 Maximi,
480 4399 666 4456 uutttAEvus
695 4401 728 4457 tu
754 4400 976 4460 coustsuutttO

182 4471 295 4528 SACRO
313 4470 485 4529 utttuttttus
505 4471 547 4527 ET
566 4472 741 4530 uouemus
759 4473 901 4531 uuutut.

47 4670 50 4676 ’
97 4720 100 4725 .
186 4680 301 4750 legatum
320 4697 334 4734 a
350 4683 535 4739 Valentiniano
547 4684 722 4740 Consentium
738 4685 789 4751 ait,
806 4695 834 4741 et
851 4686 977 4744 idoneum

1090 4309 1138 4360 Tot
1146 4308 1237 4369 linguas
1247 4312 1308 4370 quot
1320 4307 1430 4356 membra
1441 4306 1494 4355 slrc
1509 4272 1647 4358 :mirabilis
1655 4314 1696 4353 ars
1706 4309 1761 4368 est,

1123 4372 1183 4430 Quae
1194 4369 1249 4419 taen
1259 4367 1374 4419 articulos
1390 4380 1435 4417 ore
1446 4367 1537 4418 silente
1549 4367 1625 4430 loqui.

1031 4475 1104 4530 Artis
1120 4483 1245 4528 auctores
1259 4471 1371 4540 Rome,
1385 4471 1498 4540 Augusti
1515 4467 1700 4534 temporibus,
1717 4466 1828 4540 Pylad.

219 4540 234 4579 ¹»
249 4541 392 4598 Theodosii
403 4542 518 4613 junioris
537 4543 606 4613 Ang.
626 4543 707 4600 liliam
728 4544 876 4602 Eudosism
891 4545 976 4601 duxe-
990 4535 1057 4602 Det
1072 4544 1220 4616 Bathyllus.
1236 4542 1302 4597 Nam
1321 4556 1383 4597 curn
1399 4550 1509 4605 veteres
1524 4539 1575 4609 ipsi
1589 4546 1721 4594 canerent
1738 4553 1768 4594 et
1783 4554 1812 4593 sa

184 4620 226 4667 rat
240 4610 451 4668 Valentinianus.
474 4613 515 4668 Asi
530 4613 711 4670 Theodosium
735 4630 800 4686 ergo
821 4616 848 4671 in
867 4616 978 4673 Oriente
1029 4624 1130 4680 tarent,
1142 4615 1168 4671 lsi
1179 4614 1291 4670 chorum
1304 4619 1331 4667 et
1345 4611 1460 4666 listulam
1474 4609 1525 4666 sibi
1537 4610 1687 4679 precinere
1699 4607 1878 4678 leceruutp

1032 4697 1061 4743 ut
1075 4687 1183 4742 tradunt
1193 4684 1327 4740 Lucienus
1336 4686 1396 4757 Περὶ
1407 4683 1553 4764 ὀρχήσεως,
1564 4678 1698 4736 Eusebius
1708 4677 1738 4734 ln
1750 4677 1872 4735 Chro‘

186 4751 269 4807 luisse
279 4751 324 4821 qui
335 4754 366 4805 ad
378 4752 582 4824 l'rancnsitem,
595 4755 702 4824 Persas,
713 4755 850 4814 vandalos
859 4759 979 4828 aliosque
1033 4757 1112 4821 nico,
1128 4755 1251 4811 zosimus
1267 4753 1312 4809 lib.
1329 4769 1356 4815 s,
1371 4761 1399 4808 et
1415 4754 1472 4807 atis.
1496 4750 1728 4806 uantomtmnrnm
1744 4757 1857 4806 snus»

186 4837 262 4890 reges
278 4821 439 4878 mitteretur.

224 4903 236 4932 ι
252 4891 383 4951 Nobilium
400 4894 625 4960 pantomimorum
639 4896 766 4964 nomina;
781 4914 895 4969 quorum
913 4899 980 4955 alte·

1032 4836 1072 4884 tot
1095 4831 1345 4895 erantsrgmncuta
1369 4829 1435 4892 quot
1457 4820 1557 4877 fabulae
1575 4829 1739 4890 poetarum3
1764 4819 1857 4877 nulls

1032 4898 1104 4954 enim
1120 4905 1177 4953 erat
1189 4909 1269 4966 qnam
1281 4908 1335 4949 non
1349 4900 1586 4961 repraesentarent.
1599 4889 1694 4956 ltaque
1706 4889 1849 4947 Sidonio!

188 4978 264 5024 runt,
281 4962 305 5017 id
321 4961 572 5030 estCnramallum,
614 4967 679 5022 ndat
698 4971 779 5024 ctiam
802 4971 980 5026 Aristaenetus
1032 4966 1419 5028 multashoclocorecensct3
1435 4961 1616 5032 longeplures
1625 4959 1841 5016 Lucianusslia·

187 5033 301 5101 epistola
315 5034 360 5100 ab,
376 5043 403 5088 ct
424 5031 552 5089 leontius
593 5037 758 5094 cbolsstictts
772 5039 817 5095 lib.
834 5056 860 5096 tv
875 5041 979 5095 Antho-

1033 5043 1094 5107 logo
1109 5035 1303 5107 suprascripto.
1321 5032 1471 5105 Cyprianus
1484 5032 1519 5088 de
1540 5030 1729 5103 spectaculis:
1754 5030 1842 5086 Nslta

187 5102 263 5171 logie
278 5102 323 5158 25.
339 5105 514 5172 Pantnmimi,
531 5107 679 5184 ὀρχησταί,
695 5124 744 5165 ore
765 5111 846 5167 tacito
861 5110 982 5179 gestibus
1034 5113 1101 5165 enim
1120 5109 1234 5162 obscenis
1249 5104 1360 5159 mutiles
1383 5103 1496 5158 membro
1516 5102 1681 5172 distorquens
1704 5100 1838 5158 wsltm't

187 5174 276 5227 sstnnia
299 5172 476 5242 explicabant.
502 5175 678 5235 Cassiodorus
700 5180 751 5236 lib.
770 5195 795 5234 tv
815 5198 822 5234 :
846 5181 984 5236 Orchestra·

187 5261 245 5300 runt
267 5244 452 5315 loqttttcissamoe
475 5263 580 5311 mortus,
604 5248 716 5321 linguosi
740 5250 831 5322 digiti,
854 5251 984 5308 silentium

224 5405 390 5462 ¹lladrianus
397 5404 531 5471 Valesius,
540 5406 599 5462 ller.
613 5407 735 5466 Francis.
746 5409 793 5464 lib.
805 5425 831 5477 v,
842 5424 903 5483 pag.
913 5410 977 5481 bal,

188 5493 242 5532 non
257 5477 395 5540 Tuncrum,
412 5478 509 5533 llumen
524 5479 665 5538 omnibus.
681 5488 709 5534 ut
722 5481 780 5548 ipse
800 5483 848 5545 ait,
863 5496 978 5552 geogra-

189 5547 285 5615 phisst
294 5547 426 5604 historicis
435 5547 565 5620 ignotum,
580 5549 627 5604 sed
641 5549 745 5605 Vicrens
759 5551 833 5619 legit.
852 5571 861 5602 s
879 5552 982 5608 listau·

190 5627 244 5698 tem
264 5615 346 5689 Vicer,
361 5620 457 5691 inquit,
473 5618 594 5675 Transire
605 5622 806 5676 transrhenana
820 5625 918 5688 sannis,
933 5637 981 5688 op·

190 5687 281 5762 ptdum
293 5689 336 5746 sui
350 5692 465 5749 nominis
479 5693 622 5765 attingens,
636 5692 716 5765 vulgo
729 5692 917 5765 zuidcrscum,
931 5692 982 5750 hoc

1034 5180 1133 5237 Graece
1147 5178 1263 5234 lihidinis
1276 5174 1401 5248 [mulum.

1033 5418 1075 5468 est
1096 5409 1220 5481 paludem
1243 5405 1415 5469 Aestrinam,
1439 5402 1555 5468 dictum;
1579 5415 1659 5473 quem
1683 5415 1701 5456 a
1724 5398 1833 5456 Claudio

1034 5482 1181 5538 Ptolemaeo
1195 5480 1222 5534 in
1234 5477 1378 5534 Germania
1390 5474 1460 5529 inter
1473 5474 1595 5529 Rhenum
1609 5480 1637 5527 et
1650 5471 1753 5528 numen
1765 5469 1834 5525 Ami-

1036 5552 1104 5607 sium
1121 5551 1253 5615 nositmu,
1271 5547 1337 5603 sitio
1351 5542 1549 5614 exemplarium
1562 5541 1675 5598 Vidrum
1692 5541 1835 5612 prolicro

1035 5620 1176 5691 appellari,
1193 5629 1223 5746 etl
1235 5619 1368 5691 hodieque
1384 5616 1497 5672 luctum
1515 5613 1605 5672 tutari
1619 5611 1833 5670 animadvertam

1036 5723 1071 5736 ···
1084 5693 1199 5750 ltsuntus
1227 5706 1271 5746 .e.
1293 5708 1295 5711 ¹
