3788 6120
125 281 162 340 er
818 274 986 334 srtsrout
1006 276 1089 335 rtur.
1236 245 1248 310 j
1740 281 1775 337 ss

127 399 204 453 bone
225 393 400 464 seutentiam,
424 406 459 448 ne
478 390 542 462 quid
569 398 664 448 contra
687 400 791 448 tantum
823 409 856 450 ac
878 394 932 450 tale
945 397 970 457 Α
984 397 1098 452 subinde
1112 410 1172 467 quae
1184 405 1321 468 gerantur,
1334 399 1554 471 queregerenda
1568 401 1776 468 sint,reraciter

130 487 320 545 testimonium
334 499 504 557 praepropere
512 482 608 540 iecisse
619 482 765 555 judicarer.
787 483 842 542 Sed
858 485 924 543 illud
979 486 1110 555 indicare,
1125 497 1152 543 ut
1168 488 1333 544 creditorum
1351 489 1456 548 tibimet
1473 490 1674 563 dispensatione
1689 494 1776 551 dorni·

130 595 175 635 rue
197 593 252 634 non
271 575 445 633 mediocriter
464 576 527 631 lecit
545 576 709 645 attonitum,
733 577 804 648 quod
830 578 927 633 iisdem
978 578 1038 634 nica
1055 578 1216 635 talentorum
1232 580 1259 634 in
1274 579 1325 636 lrac
1344 580 1565 652 multiplicatione
1578 582 1664 642 lidells
1680 600 1776 643 sersus

131 672 235 728 litteris
253 671 310 726 suis
333 669 454 734 Petrum,
469 668 514 738 qui
523 669 711 724 baereticorum
725 670 815 725 socius
824 667 926 726 dudum
980 671 1149 741 ostetrdarls,
1163 673 1186 727 si
1201 687 1254 729 nou
1269 681 1371 729 tautum
1387 675 1414 730 in
1435 674 1553 732 Ecclesia
1569 679 1611 733 cui
1628 679 1773 749 presides,

127 763 270 820 exstitisse
300 761 431 833 probetur
458 770 486 817 ct
517 762 661 832 princeps,
686 762 759 834 quod
787 763 928 819 conseieu·
979 762 1028 819 sed
1041 764 1194 835 ubicunque
1208 766 1345 835 potueris,
1360 781 1410 837 pro
1422 768 1526 824 unitate
1539 770 1671 826 catlrolica
1686 782 1713 827 et
1727 785 1779 843 pro

128 856 196 911 tiam
217 855 369 911 dilectionis
391 862 445 909 tuae
458 853 630 909 meminimus
650 869 703 909 non
719 855 814 921 taren,
829 856 930 911 instru·
980 859 1101 929 paternis
1113 858 1314 916 delinitionibus
1328 861 1443 918 strodere
1456 877 1508 918 non
1522 877 1630 920 neutras.
1646 865 1711 919 Data
1726 863 1781 920 idi-

126 947 290 1016 rtionesque
326 944 399 1015 ipsas
430 944 527 1015 quibus
550 943 631 1000 luerit
655 944 826 1014 contutatus,
850 961 931 1004 nosse
980 948 1295 1022 buslulilslunnotibr.
1313 953 1388 1026 lli),
1404 953 1532 1010 Severino
1550 955 1609 1011 uiro
1628 956 1779 1013 clarissimo

126 1037 308 1106 condidimus,
327 1051 463 1108 quemque
483 1038 565 1092 etiam
583 1037 694 1094 dubium
716 1040 822 1095 nonsit
842 1040 931 1096 adbuc
981 1041 1102 1098 consule.

126 1141 209 1185 extra
238 1128 456 1186 communionem
481 1128 580 1184 durare
603 1129 781 1197 catholicam,
805 1145 932 1202 saepeque

128 1237 182 1278 nos
207 1223 241 1278 de
260 1221 358 1279 eodem
381 1237 413 1278 er
435 1222 479 1276 illa
503 1221 568 1276 urbe
588 1222 713 1292 pellendo
735 1223 876 1292 scripsisse
897 1224 932 1281 sit

127 1328 247 1382 eertum,
260 1317 294 1371 ad
309 1317 427 1387 pretate
440 1314 570 1371 Ecclesiae
584 1316 704 1387 regimen
719 1318 855 1372 existimet
871 1333 932 1388 pro·
1157 1303 1416 1374 'rntousnrtttt
1435 1314 1617 1376 brtstotm

127 1411 284 1468 relreodum
301 1428 308 1464 s
325 1425 440 1480 eumque
455 1409 594 1480 promittat
615 1418 697 1465 recte
718 1410 778 1464 lldci
797 1409 930 1464 delluitin·

128 1506 213 1562 stibus
225 1505 393 1568 conuenire,
409 1517 424 1557 a
437 1504 513 1568 cuitus
528 1505 618 1570 utique
633 1501 714 1574 (sieut
727 1503 850 1570 superius
865 1502 932 1574 dixi)

124 1596 268 1652 consortio
281 1606 335 1649 tarn
348 1593 586 1664 degiteatraueur,
601 1606 680 1663 quarn
694 1591 728 1646 ab
742 1591 800 1661 ejus
811 1607 934 1646 conunu·
984 1623 1081 1696 {ncipit
1096 1626 1208 1698 epistola
1226 1635 1327 1684 mem
1348 1629 1487 1684 memoria
1502 1630 1634 1703 Simplicii
1652 1647 1727 1704 W
1742 1635 1775 1694 η

126 1687 213 1742 uione
228 1686 362 1741 discretus
377 1698 415 1740 est
428 1725 436 1751 ,
451 1683 485 1738 ad
501 1684 616 1754 quamsi
632 1698 702 1738 nunc
713 1685 805 1740 redire
820 1695 933 1739 costen·
1203 1697 1339 1755 zenonem
1353 1699 1554 1770 pmpfflgorgm·

125 1780 155 1835 di
181 1779 257 1843 ,nisi
273 1795 322 1850 per
337 1776 546 1833 satislaetionem
567 1775 725 1830 Christianis
743 1776 841 1846 regulis
853 1790 927 1830 cour-
944 1776 966 1837 Β

125 1881 266 1944 petr-uteru
287 1886 341 1926 nou
360 1879 448 1941 potest
469 1868 596 1936 introire,
616 1882 649 1922 ac
668 1868 779 1938 perinde
799 1865 929 1950 [proinde]

124 1974 184 2018 uon
206 1962 242 2017 ad
267 1960 402 2032 lastigium
424 1958 599 2015 sacerdotalis
622 1957 759 2028 dignitatis
778 1958 928 2026 accedere;
1016 1956 1070 2013 Sed
1084 1956 1139 2026 jam
1154 1957 1294 2013 ueniamus
1306 1957 1339 2012 ad
1354 1972 1401 2012 ens
1416 1973 1530 2029 quomm
1541 1977 1622 2016 unum
1639 1979 1654 2017 a
1671 1964 1781 2034 pontillc

124 2055 178 2109 sed
191 2053 324 2118 medelae,
340 2068 401 2122 que
420 2061 480 2118 post
496 2050 689 2121 poenitudinem
705 2051 854 2120 praestanda
867 2060 929 2118 est,
980 2050 1023 2106 cio
1034 2048 1224 2104 Alexandrinae
1236 2048 1362 2103 Ecclesiae
1372 2050 1575 2114 secludendum,
1590 2055 1703 2110 alterum
1715 2043 1778 2111 liui-

124 2157 329 2213 cousequenter
340 2142 426 2214 aptari
438 2142 535 2198 animm
548 2156 604 2197 surm
618 2143 729 2212 cupiens
743 2143 930 2198 reconciliatus
982 2142 1180 2211 praeficiendum
1194 2141 1396 2212 tranquillitatis
1409 2153 1461 2198 tuae
1475 2147 1574 2215 scripta
1589 2150 1777 2218 pronuntiant,

122 2237 277 2298 auxilium.
293 2252 345 2292 uon
361 2237 472 2302 gradum
486 2237 584 2290 summi
598 2234 708 2290 ltuuoris
721 2234 866 2297 allectaus,
882 2235 928 2306 qui
980 2250 1012 2290 ac
1024 2235 1122 2305 primo,
1138 2235 1160 2289 si
1174 2235 1259 2304 placet
1277 2249 1390 2305 persona
1402 2236 1491 2303 Petri,
1504 2238 1628 2293 moritum
1646 2226 1777 2311 expeuda-

121 2328 172 2385 diu
186 2329 357 2384 conuincitur
368 2327 450 2384 luisse
466 2342 612 2398 perversus
623 2367 631 2394 ,
644 2344 678 2383 ue
693 2342 739 2397 pet·
751 2327 869 2397 specium
886 2345 929 2383 re·
980 2341 1050 2382 mus.
1066 2325 1196 2381 Nimirum
1209 2326 1253 2382 bic
1273 2338 1315 2382 est
1331 2327 1453 2396 comples
1470 2329 1611 2399 parricidae
1624 2329 1704 2402 [torte
1716 2350 1778 2403 pur·

123 2421 245 2476 meantis
259 2434 312 2475 uon
329 2419 476 2474 remedium
489 2419 604 2474 sincere
620 2417 781 2474 saltationis
796 2418 925 2488 inquirat,
979 2415 1077 2489 ricidii]
1090 2416 1241 2483 Timothei,
1258 2426 1285 2472 et
1304 2419 1399 2473 exsilio
1418 2420 1586 2490 sempiterno
1600 2432 1692 2479 restra
1712 2440 1777 2493 quo-

124 2513 177 2569 scd
200 2515 355 2568 lacultatenr
372 2510 549 2582 prrqagandae
566 2510 706 2581 prauitatis
723 2510 853 2565 inveniat.
869 2511 929 2578 Quo
979 2525 1032 2579 que
1049 2509 1171 2579 iussione
1184 2510 1368 2582 dignissimus.
1383 2510 1433 2566 llic
1446 2522 1539 2568 contra
1555 2514 1695 2571 ueritatem
1710 2517 1778 2572 mili·

124 2603 199 2660 las-to
217 2619 272 2660 nou
295 2605 368 2659 bunc
386 2603 471 2674 magis
489 2605 524 2658 ab
541 2617 634 2658 errore
648 2600 831 2667 detrahimus,
846 2616 927 2671 quam
980 2601 1093 2656 tautium
1118 2602 1207 2656 socius
1233 2616 1358 2673 semper,
1386 2611 1413 2657 et
1440 2602 1544 2660 doctor.
1575 2604 1640 2670 llic,
1666 2605 1701 2662 de
1725 2621 1779 2678 quo

123 2697 275 2770 perniciem
293 2696 417 2753 ltrtelibus
432 2696 598 2764 irrogamus,
618 2710 702 2764 euque
718 2694 799 2749 strodo
812 2692 926 2750 Cbalee-
979 2692 1162 2749 ttterandrina
1178 2696 1245 2749 ttrite
1258 2693 1383 2764 pellendo
1401 2709 1474 2765 supe
1496 2710 1539 2751 me
1560 2696 1656 2752 litteris
1670 2713 1779 2767 rogasse

124 2791 259 2847 dorcensis
277 2790 373 2861 synodi
391 2796 491 2845 statuta
507 2788 655 2851 violantes,
670 2786 772 2842 aditum
791 2802 861 2841 seua
878 2803 926 2844 eo·
979 2802 1033 2842 nnn
1047 2787 1156 2843 dubium
1171 2795 1226 2853 cst;
1242 2787 1288 2856 qui
1301 2788 1323 2842 si
1335 2797 1407 2845 esset
1421 2796 1502 2844 rectas
1517 2790 1589 2857 tidei,
1605 2791 1631 2847 iu
1646 2793 1778 2848 eatbolica

126 2884 266 2954 polatione
288 2882 430 2952 grassandi
458 2881 485 2936 in
516 2880 663 2936 Ecclesiam
688 2879 759 2948 lupis
785 2881 927 2948 rapacibus
980 2879 1072 2950 utique
1090 2880 1281 2934 commuuione
1296 2880 1449 2935 mansisset.
1466 2879 1542 2947 Quod
1557 2882 1580 2938 sl
1600 2882 1633 2937 ad
1648 2898 1707 2940 caru
1729 2900 1779 2940 uu·

125 2975 273 3044 aperimus.
292 2973 411 3043 lienique
426 2972 460 3026 ab
472 2972 573 3045 eisdem
588 2971 665 3040 ipsis,
678 2985 738 3025 curn
753 2969 850 3039 quibus
863 2971 926 3027 olim
980 2988 1028 3045 per
1047 2972 1233 3029 emendandus
1246 2972 1351 3028 aceedit
1366 2971 1416 3027 bot·
1436 2972 1522 3042 ipsum
1544 2974 1589 3028 diu
1605 2975 1701 3030 retenti
1715 2990 1779 3031 cou-

126 3085 141 3119 a
160 3065 291 3122 catlroliea
308 3064 511 3135 participatione
524 3063 629 3118 diuisus
645 3070 701 3128 est,
717 3062 837 3133 pontifex
857 3062 927 3119 dici·
981 3066 1081 3122 tutatur
1099 3064 1216 3132 erroris,
1236 3081 1317 3136 quam
1341 3074 1431 3122 tamen
1453 3068 1669 3125 emendationem
1692 3071 1715 3126 si
1736 3071 1779 3130 rcl

127 3163 171 3214 tur
185 3159 315 3228 postulari
337 3176 345 3212 c
368 3168 398 3214 ut
418 3159 484 3213 sutis
501 3157 640 3214 euidenter
660 3165 789 3227 appareat
807 3171 861 3211 uon
880 3153 964 3216 eotC
980 3176 1051 3216 nunc
1069 3160 1174 3216 sincera
1190 3166 1280 3215 mente
1295 3162 1473 3230 perquireret,
1485 3161 1695 3219 satisfactionem
1711 3180 1778 3220 con·

129 3259 229 3307 rectam
249 3250 329 3306 tidem
344 3251 423 3316 uelle,
439 3249 488 3306 sed
506 3251 532 3306 in
552 3249 669 3321 presule
691 3249 800 3320 proprio
814 3248 923 3304 uclaudi
977 3262 1123 3324 sequenter
1137 3250 1246 3307 afferret
1262 3268 1270 3306 z
1287 3266 1340 3306 non
1364 3252 1466 3321 expetit
1484 3252 1565 3325 llorte
1581 3254 1719 3327 respector]
1738 3254 1779 3311 di-

131 3343 259 3414 dogmatis
279 3360 401 3415 quarere
421 3353 600 3416 potestatem;
619 3357 706 3415 neque
725 3344 793 3399 inter
811 3342 884 3413 ipsos
899 3352 927 3397 et
976 3348 1122 3416 gutatem,
1142 3344 1186 3414 qui
1209 3352 1269 3415 post
1290 3346 1484 3415 poenitudinem
1503 3345 1666 3416 indulgentia
1681 3348 1778 3418 dignus

134 3438 259 3493 ueraciter
280 3437 430 3495 sentientes
449 3451 501 3508 pax
520 3437 584 3493 inde
600 3436 686 3509 possit
705 3434 776 3492 lusda
789 3433 926 3506 generari,
976 3444 1029 3503 est,
1044 3451 1097 3490 nnn
1115 3434 1228 3490 lrouorc.
1243 3435 1321 3491 Absit
1334 3443 1363 3491 ut
1377 3437 1437 3505 ejus
1448 3436 1528 3491 saluti
1541 3436 1564 3492 si
1575 3437 1717 3506 resipiscit,
1733 3440 1777 3494 in-

137 3530 201 3585 unrle
212 3530 399 3586 haereticarum
410 3531 540 3586 montium
550 3529 649 3584 crescit
661 3527 765 3583 lunesta
776 3525 925 3594 damnatio,
978 3527 1100 3593 rideam;
1112 3528 1286 3597 complector,
1299 3529 1393 3584 bortor
1409 3537 1436 3583 et
1455 3529 1568 3598 gaudeo,
1583 3529 1777 3600 gloriosissime

139 3629 163 3676 ct
172 3622 360 3679 catholicorum
380 3622 501 3678 succedit
516 3620 669 3677 miseranda
686 3619 838 3688 captivitas.
855 3619 926 3673 'lan-
977 3617 1141 3687 irnperator;
1157 3617 1203 3672 sed
1217 3617 1261 3673 diu
1276 3618 1415 3686 pravitatis
1430 3619 1544 3676 vulnere
1553 3623 1675 3679 sauciato
1688 3625 1776 3680 uredi-

141 3714 168 3769 tb
185 3715 263 3784 igitur
281 3714 359 3771 malis
373 3725 454 3786 atque
472 3715 600 3786 periculis
617 3729 665 3783 pro
678 3713 821 3770 sacerdotii
838 3713 926 3783 quali·
976 3709 1045 3764 ciue
1062 3710 1138 3763 venia
1156 3698 1297 3777 competit,
1310 3723 1364 3764 nnn
1381 3712 1532 3779 potestatis.
1546 3711 1700 3769 Tuneenirn
1714 3715 1778 3770 reli-

144 3815 197 3873 ttte,
211 3817 238 3864 ct
251 3809 390 3864 eatlroliear
406 3808 605 3878 praedicationis
618 3807 726 3873 intuitu,
740 3813 769 3860 ut
783 3820 833 3874 qua
848 3812 925 3875 potet
976 3802 1064 3872 glotis
1079 3803 1178 3872 poterit
1193 3803 1357 3873 nunupari,
1371 3803 1394 3857 sl
1413 3806 1590 3873 peruersitate
1603 3807 1727 3864 damnata
1742 3809 1776 3865 ad

144 3899 232 3957 nunus
250 3901 388 3972 sapienter
405 3901 539 3968 obsistas,
562 3898 686 3955 artasimis
707 3899 824 3968 undique
844 3897 927 3952 rebus
976 3912 1070 3952 sanam
1094 3895 1174 3950 [idem
1199 3911 1319 3952 rcnreure
1342 3897 1521 3967 praelegerit.
1544 3899 1669 3967 Alioquin
1691 3905 1778 3956 mani·

143 3993 282 4064 astringeris
309 4009 316 4046 :
348 4007 400 4048 nec
419 3991 557 4048 dilectioni
581 3991 688 4046 tuelas
709 3989 796 4045 estid
818 3988 926 4058 sepuius
977 3989 1060 4044 lentus
1084 3997 1126 4044 cst
1146 4004 1207 4044 euru
1233 4006 1287 4043 non
1311 3989 1477 4044 curationem
1498 3992 1596 4060 proprii
1619 3992 1776 4051 desiderare

144 4087 243 4150 ommni,
256 4083 328 4155 quod
350 4085 383 4139 ad
405 4085 501 4139 animas
517 4093 570 4139 tum
585 4098 705 4148 causam,
722 4082 833 4136 lionoris
853 4081 923 4136 aesti·
976 4082 1129 4150 languoris,
1152 4082 1199 4137 sed
1220 4081 1323 4137 antlrire
1346 4081 1496 4151 tusttgtun,
1512 4098 1566 4151 quo
1585 4085 1702 4154 perlidisn
1720 4103 1778 4142 sum

144 4176 306 4244 nationiaque
316 4185 469 4247 respectum
481 4191 533 4231 non
543 4175 650 4231 dubitas
664 4177 809 4244 pertinere.
822 4172 927 4243 Oppor·
976 4175 1050 4227 uirus
1072 4173 1178 4229 miseris
1199 4172 1380 4228 animantibus
1399 4173 1577 4230 confidentius
1599 4175 1781 4244 licentiusque

144 4267 285 4322 trinitatibus
300 4283 366 4337 ergo
380 4267 505 4337 repertis,
519 4267 724 4324 clementissimi
739 4266 866 4335 principis
877 4281 925 4318 uo·
975 4262 1121 4331 diffundat,
1143 4273 1171 4318 et
1190 4262 1224 4318 do
1244 4263 1384 4331 superiore
1403 4263 1462 4319 loeo
1481 4264 1567 4319 mutto
1580 4264 1724 4321 uiolentius
1747 4269 1782 4322 tn

142 4353 923 4427 luntatemineessabiliterprolidecatltolicasupplicando,
977 4354 1135 4410 seruitutem
1161 4354 1323 4410 catltoliearn
1352 4355 1457 4420 rediput
1486 4354 1649 4410 libertatem.
1677 4356 1784 4423 eraeso·

140 4449 206 4502 stab
220 4449 261 4504 ltis
280 4448 376 4505 sedulo
395 4464 522 4504 revocare
540 4464 600 4519 quse
616 4448 709 4503 nociva
727 4456 791 4502 suut
805 4447 923 4518 dogmati
975 4447 1073 4504 deinde
1089 4447 1134 4516 qui
1150 4446 1208 4516 ejus
1225 4445 1363 4516 provectui
1378 4445 1574 4516 suffragentur,
1590 4457 1617 4502 et
1630 4462 1677 4504 eos
1694 4450 1784 4503 audio-

139 4538 290 4607 Gbristiano,
305 4549 333 4595 et
342 4541 490 4596 mortridum
509 4539 567 4595 lure
580 4555 640 4611 quae
655 4540 824 4605 mundamus,
841 4537 925 4593 intur·
937 4534 964 4595 D
976 4554 1036 4596 esse
1059 4539 1300 4605 archimandritas,
1322 4548 1349 4592 et
1367 4538 1531 4604 monachos,
1547 4537 1590 4593 rel
1607 4539 1628 4594 si
1649 4540 1694 4607 qui
1712 4551 1776 4597 sunt

138 4632 320 4694 marcerebro,
335 4632 415 4702 inque
434 4638 611 4701 campartem
631 4646 691 4702 quae
705 4630 790 4685 amica
805 4631 840 4684 sit
854 4627 924 4685 reri·
975 4631 1020 4686 alii
1040 4633 1085 4701 qui
1103 4644 1192 4687 nesea
1213 4629 1403 4686 communione
1423 4629 1554 4685 catlroliea
1571 4640 1774 4698 separaverunt.

137 4723 193 4785 tati,
213 4724 302 4793 potius
322 4723 425 4778 instare
438 4739 491 4779 non
504 4722 631 4791 desinas,
646 4734 674 4780 et
688 4724 730 4796 (ut
742 4732 864 4779 sanctum
875 4721 922 4777 'li-
976 4724 1080 4780 llorum
1102 4737 1166 4790 ergo
1186 4720 1369 4777 testimonium
1388 4721 1617 4790 comprobandum
1635 4733 1692 4788 est,
1708 4738 1778 4791 quo-

135 4814 263 4869 rnotbeum
297 4814 465 4871 venerandus
494 4816 633 4882 apostolus
666 4815 766 4870 Paulus
796 4814 924 4886 instituit)
975 4830 1035 4870 rum
1053 4814 1217 4870 admittenda
1233 4813 1638 4884 persona,quibussanelidei
1661 4830 1690 4877 qr
1706 4828 1776 4868 eon·

133 4914 295 4973 opportune,
311 4906 668 4975 importune,obseerando,
686 4907 848 4963 insinuando
873 4923 922 4963 es·
974 4908 1096 4965 scientias
1118 4922 1198 4963 causa
1218 4923 1272 4963 nnn
1292 4907 1428 4977 suppetit,
1447 4914 1475 4962 et
1494 4906 1539 4976 qul
1562 4921 1623 4962 cum
1648 4905 1773 4962 eumdem

134 4996 305 5067 pudendoque
326 4996 480 5055 nullatcnus
500 4998 618 5069 allegare
637 5001 774 5068 cessabis,
794 5009 822 5056 ct
845 5000 924 5056 nobis
977 5000 1096 5075 leodem]
1111 5001 1167 5072 pari
1181 5009 1305 5057 tenentur
1319 5015 1420 5056 errore.
1437 4997 1522 5055 Finis.

1180 1485 1302 1528 Sllll’llssll
1317 1487 1391 1528 Pdl'fl
1407 1487 1440 1529 tto
1456 1488 1587 1532 tenutas.

1190 1838 1263 1896 luter
1276 1851 1367 1897 eoetero
1378 1852 1401 1897 st
1411 1843 1447 1897 cd
1461 1843 1556 1898 locutu.

131 5156 248 5226 periurus
261 5168 335 5214 esset
347 5157 466 5214 loannes
482 5177 488 5213 :
504 5168 596 5242 rrtpote
614 5160 657 5230 qui
677 5161 797 5230 iurasset
811 5177 865 5216 nnn
880 5161 922 5218 lu·
975 5163 1096 5230 qtmrunis
1109 5161 1143 5216 de
1159 5157 1286 5242 petitione
1297 5159 1375 5242 baca
1391 5158 1501 5215 Zenone
1516 5158 1584 5241 lacta
1601 5161 1694 5215 uroniti
1712 5158 1773 5232 ltro7

131 5240 212 5310 trinum
234 5238 265 5284 ut
286 5236 425 5313 quateretur
445 5245 475 5285 se
492 5231 637 5301 atrquaudo
659 5231 685 5284 iu
707 5235 918 5287 Alexandrinum
976 5243 1039 5287 rrrrrt
1059 5247 1092 5287 ex
1111 5247 1135 5294 c,
1146 5231 1224 5312 istola
1244 5229 1376 5298 Sumplrctr
1397 5230 1429 5311 ad
1449 5232 1586 5313 Acastum.
1605 5231 1677 5285 llauc
1695 5245 1769 5295 uero,

130 5314 280 5387 episcopum
298 5300 372 5369 elrgr.
385 5300 453 5355 lltde
468 5302 611 5357 Baronium
625 5316 697 5358 anno
711 5304 781 5369 tta,
796 5320 871 5358 num.
887 5306 918 5359 ll
974 5303 1097 5403 quamvis
1111 5318 1165 5357 uun
1184 5311 1326 5403 mtegram,
1339 5300 1417 5383 dedrt
1431 5305 1509 5382 nobrs
1527 5309 1771 5425 trisperqquqeqqlq:

125 5372 460 5523 αι’ἒέξινῲαθιέἰᾞῗϋείἱ
483 5457 628 5526 papac'qua
651 5441 798 5527 respondet
818 5443 921 5502 Zenoni
975 5370 1771 5534 {32:¹2¹”202221,ff¹2¹}⁸ssss'gss}},3‘,¹,¹2⁰'p[¹0¹,2,}¹‡”ffmlpfflmg

131 5513 920 5655 turbtrtt'tlsilt'‘tf'lttttsltl‘ttbpitt?
974 5508 1770 5651 tttttblltlittltirittttttlttltttr..if

132 5651 196 5720 lecto
214 5653 317 5708 loanue
334 5669 414 5722 quem
433 5655 483 5709 sibi
501 5654 681 5710 Alexandrina
699 5655 817 5711 Ecclesia
831 5627 920 5727 elege-
973 5654 1201 5725 saceraspiciens
1213 5650 1440 5724 scitiestobsequt
1451 5651 1770 5724 inperamtreeusasss„

133 5731 178 5790 rat,
193 5726 305 5796 crustula
318 5723 386 5794 lunc,
404 5724 532 5797 iuquam,
548 5725 686 5798 bucusque
697 5727 774 5783 latuit
787 5729 916 5798 cruditos,
973 5728 1051 5787 loru.
1068 5727 1138 5786 llott.
1152 5725 1249 5785 lltnsr.
