3788 6120
72 334 113 399 505
721 310 961 370 suislbtatttr'tt
982 316 1047 372 ttb.
1069 317 1114 373 ΙΙΙ.
1682 321 1736 381 ὔθῠ

77 455 196 515 adactu
215 433 389 493 contubernia
412 430 481 504 fugis
501 430 716 501 impudicorum
739 429 886 496 prasertim
901 430 927 491 Α
942 432 1062 490 verrucis
1096 448 1144 504 per
1171 435 1321 505 marg'nem
1346 449 1458 491 corvum
1486 433 1733 505 protuberantibus,

80 546 197 622 quibus
219 530 284 586 niltil
304 528 403 600 pensi,
422 524 488 581 ttiltil
503 524 587 581 sancti
602 532 662 590 est,
679 523 706 577 in
728 521 892 594 appetendis
945 523 1037 581 Portet
1050 533 1078 580 et
1090 539 1195 591 nasum,
1210 524 1328 595 quicum
1342 528 1379 580 sit
1393 526 1533 597 amplusin
1548 524 1735 595 foraminibus,

85 624 303 711 garriendisque
325 617 536 689 turpitudinibus
559 615 684 686 :quiquo
706 614 777 682 quod
801 614 892 668 serbis
944 628 969 675 ct
987 620 1096 674 stt-ictus
1116 618 1244 688 inspius,
1261 618 1302 676 sic
1325 620 1440 689 patescit
1455 619 1560 676 fromari
1572 659 1580 685 ,
1593 618 1667 690 qnod
1686 633 1737 677 an·

89 716 289 787 inverecundis
311 714 416 769 aurium
433 710 599 781 ptsblicarnot
614 708 791 765 reverentiam
812 708 894 763 inec·
944 718 1067 778 gttstatur
1084 707 1205 766 olfactui.
1226 708 1371 767 Praetendit
1391 725 1423 767 os
1443 712 1525 768 etiam
1543 710 1625 767 labris
1648 711 1734 782 plum·

93 827 188 881 stant,
210 808 348 883 granditer
371 804 422 860 sibi
444 803 570 858 ridentur
584 799 703 856 facetiari
719 818 725 853 :
749 800 803 871 79
816 797 892 868 cujus
946 801 1038 869 boum,
1053 801 1122 857 rictu
1138 799 1270 868 ferinum,
1282 802 1396 873 gingivis
1410 803 1598 873 purulentum,
1611 802 1735 860 dentibus

96 906 212 970 vilitatis
227 917 288 960 esse
309 898 467 971 signiferum
490 895 653 965 gnathonem
676 891 769 961 patriae
793 897 893 945 ortanae
946 893 1078 958 buxeum;
1102 892 1173 964 qnod
1190 902 1299 962 spurcat
1313 895 1466 965 frequenter
1479 894 1650 953 stltalatuse
1670 908 1737 953 cott-

96 1008 128 1064 rel
161 997 313 1056 maximnm
336 989 466 1060 intellige.
495 987 542 1043 Est
573 986 644 1041 enim
675 984 718 1039 lsic
741 997 838 1054 gttrges
860 982 895 1037 de
946 998 1013 1038 caso
1027 984 1169 1040 molarium
1184 987 1458 1053 computrescentium
1479 987 1639 1056 mephiticus
1657 990 1737 1058 odor,

95 1090 238 1153 sutoribus
253 1084 419 1146 fabularum,
433 1079 467 1135 de
484 1075 721 1133 concionatoribus
733 1074 893 1137 criminatu,
946 1092 1025 1144 quem
1053 1077 1255 1147 supercumulat
1274 1080 1410 1135 esculenta
1432 1081 1548 1137 ructatio
1565 1081 1600 1138 de
1623 1082 1738 1151 dapibus

91 1190 124 1245 de
155 1181 333 1240 sinistrarum
359 1173 515 1244 opinionum
542 1165 769 1239 duplicatoribus3
799 1165 895 1234 loquas
947 1167 1081 1225 basternis
1107 1179 1135 1226 ει
1148 1168 1351 1227 redundantium
1375 1172 1479 1228 sentina
1500 1188 1650 1230 coettnrum.
1673 1176 1737 1231 Pro·

89 1285 171 1354 lpse,
196 1290 245 1334 nec
262 1273 351 1336 disat,
369 1266 561 1336 ridiculusque,
579 1279 628 1319 nec
643 1262 732 1326 tator,
754 1275 896 1330 arrogans·
949 1263 997 1315 mit
1009 1269 1035 1316 et
1049 1261 1182 1327 frontem,
1197 1277 1258 1332 quae
1279 1262 1427 1319 loedissimo
1441 1273 1518 1333 gestu
1530 1275 1618 1321 entem
1634 1266 1737 1336 plicat,

85 1390 145 1446 qne
159 1413 172 1440 ,
204 1382 252 1425 occ
279 1371 424 1427 constans,
444 1361 639 1428 curiosusque,
664 1371 714 1410 nec
736 1354 894 1424 perspicax.
947 1354 1092 1422 supercilia
1113 1353 1253 1410 distendit.
1268 1352 1356 1409 Nou-it
1370 1363 1398 1410 ct
1412 1356 1534 1420 barbam,
1548 1371 1609 1426 quae
1621 1358 1677 1425 jam
1696 1373 1736 1415 ω.

79 1477 187 1536 atque
208 1458 364 1516 indecenter
382 1453 508 1509 affectato
531 1451 644 1520 leporc,
668 1449 728 1519 plus
749 1447 866 1501 rusticus
887 1461 894 1500 ε
949 1455 1057 1503 nectuto
1070 1462 1236 1515 canescens,
1252 1448 1282 1504 lit
1297 1457 1386 1506 tamen
1407 1450 1501 1505 morbo
1516 1451 1591 1518 nigra
1617 1453 1737 1525 syllano,
1825 1509 1828 1515 ι

78 1567 225 1625 tempora
239 1547 383 1622 prasentia
398 1546 503 1608 colens,
519 1541 653 1614 praeterita
669 1552 793 1608 carpens,
808 1537 896 1590 futura
947 1541 1000 1612 01
1014 1540 1080 1596 fota
1095 1540 1211 1613 denique
1224 1542 1375 1598 estmisero
1391 1542 1472 1599 facies
1486 1545 1523 1600 ita
1535 1544 1643 1615 pallida,
1657 1547 1740 1609 volttti

73 1647 251 1702 fastidiens.
273 1638 421 1704 llcncllcii,
445 1635 469 1690 si
484 1643 625 1705 tagmarus
643 1641 705 1698 est,
727 1631 897 1698 importunus
950 1647 997 1700 per
1012 1639 1091 1688 boras
1104 1633 1206 1688 umbris
1221 1634 1389 1689 mestincata
1401 1634 1554 1693 larvalibus.
1570 1636 1658 1693 Taceo
1678 1636 1740 1693 teli·

69 1737 223 1806 petendi,
235 1735 381 1805 derogator
393 1729 493 1800 negati,
508 1725 650 1782 :emulator
660 1721 773 1791 accepti,
784 1719 897 1776 callidus
949 1740 1029 1795 goram
1044 1727 1085 1781 sui
1101 1726 1210 1794 molem,
1225 1729 1341 1782 vinctam
1355 1727 1481 1799 podagra,
1496 1728 1656 1799 pinguedine
1666 1729 1740 1785 solu-

65 1827 267 1885 rsefttrmnndl
278 1867 287 1893 ,
299 1823 428 1895 querulus
444 1817 571 1890 flagitati,
585 1815 709 1887 garrulus
723 1815 854 1878 restituti3
869 1819 896 1865 at
914 1807 935 1867 B
949 1828 1014 1874 tarn,
1026 1819 1115 1875 Taceo
1128 1821 1270 1875 peregrum
1283 1820 1377 1876 mg„
1388 1823 1476 1878 ,ibice
1486 1832 1652 1892 mmmm
1668 1824 1740 1895 quod

61 1920 96 1972 si
124 1920 293 1992 rogattdus,
314 1915 456 1973 simulator
474 1910 576 1982 parati,
596 1907 779 1965 dissimulator
803 1905 895 1976 potiti,
949 1929 1041 1982 pnsum
1054 1913 1548 1986 ,mpppgggggconsmcapgffisqmm
1560 1916 1739 1973 omninibus

59 2013 227 2068 vesrditor
254 2008 386 2083 praestiti,
416 2005 565 2077 publicator
583 2000 699 2065 occulti,
720 2000 898 2054 calumniator
948 2005 1036 2062 'luceo
1048 2021 1102 2076 prae
1112 2005 1244 2062 brevitate
1256 2006 1380 2074 ceruicis,
1393 2009 1499 2077 occipiti
1510 2010 1635 2078 sttpiuato
1645 2024 1741 2080 scapu-

56 2109 208 2176 morati,
225 2104 359 2161 inftciator
376 2100 456 2156 soluti
472 2117 479 2152 ε
498 2113 561 2152 osor
574 2094 759 2166 ieiuniorum,
780 2099 897 2148 set-tator
949 2097 1034 2153 larutn
1059 2097 1200 2153 adherere
1214 2098 1343 2155 connata.
1356 2098 1445 2155 'laceo
1456 2098 1528 2169 qnod
1541 2099 1642 2156 decinit
1655 2101 1741 2158 pomp

53 2198 256 2264 ‘mummi
268 2193 431 2251 laudibilem
443 2187 688 2261 l²f⁰ferensnonde
699 2185 896 2248 benerit-eme,
948 2193 1086 2259 innumeris,
1103 2192 1185 2248 decor
1202 2191 1332 2258 bracltiis,
1347 2191 1430 2248 robur
1445 2191 1564 2249 lacertis.
1576 2193 1666 2251 'faceo
1679 2194 1740 2251 elti-

52 2288 138 2341 Μ
155 2291 196 2347 ⁴¹⁰
218 2291 287 2346 benc
311 2301 368 2358 1³²⁵«
376 2297 438 2340 ⁰⁰¹0
451 2282 625 2338 ⁸⁰⁰²⁰¹¹¹¹³¹¹¹·
640 2279 713 2334 ¹⁰¹⁰?
728 2277 787 2333 ¹¹³³⁰
807 2284 896 2344 “tien
947 2285 1068 2355 rugtieas
1093 2296 1189 2338 manus
1209 2284 1297 2338 uttctis
1319 2285 1543 2353 cataplasmatum
1556 2287 1741 2354 parntis,tan-

23 2375 26 2380 ’
50 2369 154 2442 ipse
175 2380 361 2447 avarissimus,
377 2390 511 2447 quemque
522 2387 574 2429 noo
591 2373 675 2442 pascit
690 2382 744 2425 tam
758 2369 834 2440 partis
849 2368 897 2424 lto-
947 2392 1027 2448 quam
1041 2377 1168 2432 emstibns
1183 2376 1328 2432 involutas.
1345 2377 1434 2434 faceo
1448 2379 1520 2449 quod
1530 2380 1632 2435 alarum
1644 2395 1741 2449 specu·

10 5602 28 5720 l

50 2477 144 2527 nus
159 2490 244 2545 quam
259 2472 338 2542 partis
349 2470 454 2525 alienus
469 2482 476 2520 τ
488 2465 541 2521 1¹00
553 2464 641 2520 tolum
653 2462 800 2518 comedens
812 2459 895 2526 (ῙΟΙΙΙῙ.
948 2466 997 2521 ltus
1004 2468 1202 2539 ltircosisatque
1209 2468 1394 2525 acescentibus
1406 2471 1490 2526 latorn
1501 2473 1604 2541 captiua
1612 2472 1738 2538 vallatus,

49 2555 97 2610 δί
119 2566 197 2632 quid
222 2564 344 2629 emptis
366 2561 435 2614 inter
449 2559 587 2628 alaparum
609 2554 742 2626 procellas
767 2552 897 2623 praemisit
947 2574 1027 2616 nares
1040 2560 1295 2617 circumsedentium
1310 2562 1436 2617 ventilata
1452 2562 1568 2632 duplicis
1583 2552 1739 2633 dm'psanctl

49 2647 231 2712 obstantis.
245 2654 298 2710 Sed
314 2667 365 2708 nec
380 2659 422 2706 εει
436 2664 501 2705 sane
515 2645 694 2718 praedicabilis
708 2645 757 2701 viri
773 2645 799 2699 in
811 2652 895 2699 toturn
946 2658 1022 2720 posto
1038 2651 1162 2709 funestat.
1183 2651 1271 2708 'laceo
1283 2653 1380 2708 fractas
1401 2653 1521 2724 pondere
1535 2655 1636 2711 arvina
1648 2656 1739 2725 iacere

50 2737 203 2806 silerum
220 2746 373 2816 frugalrtas;
382 2743 489 2812 ieiunat
499 2740 624 2811 quotiens
638 2754 691 2795 nott
702 2745 829 2802 t'osaltttt
846 2736 895 2792 sed
946 2760 1093 2811 mammas,
1110 2759 1231 2816 quasque
1245 2739 1346 2802 tedam
1358 2754 1431 2802 esset
1446 2748 1473 2802 in
1487 2757 1597 2817 pectore
1615 2749 1685 2805 virili
1695 2750 1738 2806 rcl

50 2829 132 2891 Sic
148 2854 260 2911 quoque
273 2836 380 2893 levitate
401 2832 558 2905 parasitica,
572 2831 594 2886 si
610 2831 738 2886 invitetur
750 2843 894 2896 excusans,
946 2838 1116 2906 prominere,
1133 2837 1181 2890 ltns
1201 2846 1230 2892 ut
1243 2838 1327 2894 ubera
1351 2846 1472 2894 materna
1486 2840 1626 2897 cecidisse.
1649 2843 1738 2899 faceo

50 2921 102 2977 δί
136 2932 242 2989 vitetur
264 2930 426 3000 explorans,
445 2925 468 2981 si
488 2923 649 2980 excludatur
668 2922 850 2993 exprobrans,
871 2921 894 2977 si
945 2929 1049 2983 uentris
1064 2927 1154 2983 infleti
1179 2927 1310 2997 pendulos
1331 2942 1421 2985 casses
1438 2930 1551 2998 partium
1563 2931 1736 3002 genitalium,

53 3017 257 3079 *dminatur
269 3021 419 3085 exsultans,
435 3018 458 3073 si
473 3016 632 3073 verberetur
644 3025 812 3085 exspectans.
827 3013 893 3070 Cum
944 3021 1006 3091 qnia
1022 3021 1155 3076 debilibus
1169 3021 1317 3090 pudende,
1332 3022 1454 3091 turpibus
1468 3023 1542 3092 rugis
1553 3023 1655 3093 turpius
1670 3039 1737 3093 prac·

55 3101 276 3184 discubueris,
292 3112 377 3169 fertur
391 3119 522 3179 actutum,
537 3109 560 3164 si
572 3109 647 3165 tarde
660 3109 793 3176 comedat,
809 3109 835 3164 in
849 3123 893 3164 ra·
945 3113 1009 3169 bere
1019 3114 1151 3169 uelamen.
1163 3112 1221 3169 lasus
1233 3113 1296 3184 qnid
1311 3113 1354 3169 lric
1366 3123 1480 3186 tergum,
1495 3115 1653 3184 spinamque
1663 3131 1737 3172 com·

61 3198 191 3275 Dium
213 3207 237 3263 si
254 3206 309 3262 cito
328 3211 476 3271 saturetur,
496 3201 523 3257 in
547 3201 696 3274 lacrymam
713 3200 735 3255 si
754 3200 845 3268 sitiat,
865 3200 893 3255 in
907 3172 930 3236 c
945 3204 1111 3260 memorem?
1132 3205 1166 3261 dc
1181 3205 1259 3274 cnjus
1279 3204 1343 3261 licet
1363 3205 1577 3261 internodiorum
1601 3206 1737 3278 fomitibus

62 3299 242 3366 querelam
266 3300 289 3354 si
314 3297 481 3363 inebrietur,
506 3295 532 3350 in
548 3294 681 3359 uomicam
702 3292 725 3349 si
740 3292 850 3363 fatiget,
866 3291 892 3348 in
944 3312 1091 3366 erumpens
1102 3313 1192 3353 arcam
1209 3299 1326 3368 pectoris
1339 3305 1413 3354 teras
1427 3307 1571 3355 curvatura
1584 3309 1734 3363 costarum:

67 3389 292 3456 tuttturnelias,
317 3386 340 3442 sl
354 3386 488 3457 fatigetur,
512 3384 538 3440 in
553 3383 635 3439 furias
651 3397 658 3438 ε
674 3381 820 3438 fetulentiae
835 3397 894 3437 om·
944 3396 999 3444 tota
1024 3389 1198 3445 nibilominus
1218 3389 1276 3445 haec
1296 3390 1399 3446 ossium
1417 3405 1522 3445 ramosa
1537 3406 1667 3463 compage
1684 3394 1735 3448 snb

67 3476 163 3536 nino
176 3498 226 3554 par
238 3479 361 3548 cloacali,
385 3494 446 3550 qun
460 3493 513 3548 quo
528 3476 588 3547 plus
609 3484 753 3542 commota,
769 3474 827 3544 plus
837 3475 893 3545 00
943 3498 998 3536 uno
1009 3484 1080 3539 refut
1094 3484 1259 3539 exundantis
1272 3484 1424 3539 abdominis
1439 3485 1533 3554 pelago
1547 3485 1621 3542 latet.
1646 3486 1735 3543 Taceo

65 3559 181 3631 fetida
193 3583 246 3631 est.
264 3572 301 3628 lta
322 3572 416 3628 virens
429 3568 519 3640 paucis
537 3567 683 3638 voluptati,
697 3566 777 3620 nullis
788 3565 890 3634 autori,
944 3574 1094 3629 tnnnnornrn
1119 3574 1330 3642 corpulentiam,
1346 3574 1510 3646 cliniumque
1523 3615 1531 3641 ,
1543 3578 1585 3631 eui
1607 3578 1735 3634 crassitu-

63 3665 224 3722 otrannus
244 3665 311 3721 risui
327 3671 390 3719 est:
407 3662 557 3716 vesicarum
569 3667 672 3729 ruptor,
686 3657 839 3728 fractorque
855 3656 894 3713 fe·
943 3666 999 3722 dini
1024 3674 1178 3734 comparata
1199 3673 1325 3720 censetur
1336 3664 1413 3721 alatus
1426 3665 1514 3722 exilis.
1537 3666 1625 3723 Taceo
1648 3667 1734 3724 temne

65 3754 235 3826 rutardnq
251 3757 360 3815 bibendi
374 3755 479 3822 auidus,
492 3753 597 3809 avidior
608 3752 781 3820 detraltendi,
798 3750 893 3807 rabido
943 3757 1046 3812 aridum
1062 3766 1089 3812 et
1103 3757 1238 3826 pandum,
1254 3772 1341 3827 genua
1356 3767 1447 3825 rasta,
1462 3760 1576 3829 poplites
1589 3760 1732 3829 delicatos,

64 3846 198 3908 Μήιον
213 3866 262 3908 ore
273 3851 380 3920 spirans
392 3862 510 3912 etennm,
521 3859 649 3915 spumans
657 3845 767 3911 vinnm,
781 3845 893 3915 loqueos
942 3862 1020 3904 crura
1046 3861 1143 3903 cornea
1154 3887 1162 3914 ,
1173 3847 1274 3904 vitreos
1290 3848 1379 3918 talos,
1403 3864 1502 3920 parvos
1516 3850 1634 3922 digitos.
1652 3853 1735 3924 pedes

63 3935 249 4010 velusanam,
276 3940 338 3996 facit
365 3937 463 4009 ambigi
489 3936 622 4008 puditior,
649 3936 837 4002 temulentior,
858 3950 892 3992 att
942 3941 1069 4012 grandes.
1092 3940 1213 4010 Cumque
1227 3940 1348 3996 distortis
1367 3941 1475 3997 ltorrcat
1497 3942 1532 3998 ita
1554 3943 1732 4013 liniamentis,

63 4016 277 4095 &sineremur
303 4033 482 4090 existimetur.
508 4029 562 4087 Sed
587 4030 666 4100 dicis,
686 4029 769 4084 animi
793 4028 892 4099 probra
943 4049 990 4106 per
1003 4049 1063 4106 qum
1079 4033 1252 4104 multiplicem
1272 4034 1452 4104 pestilentiam
1467 4037 1610 4105 exsanguis
1624 4037 1735 4092 oemunt.

64 4121 175 4187 *ulto
188 4133 304 4194 colorat,
320 4138 348 4185 et
365 4126 524 4199 deprecatur
538 4125 653 4196 ineptias
667 4126 765 4180 utentis
779 4125 893 4197 qualitas
942 4144 1055 4200 rusque,
1072 4143 1122 4184 nco
1136 4135 1258 4198 portatus
1271 4126 1384 4189 sentiat,
1408 4140 1457 4182 nec
1471 4135 1635 4183 sustentatus
1656 4127 1733 4187 iuce-

66 4215 230 4288 anoris.
250 4221 368 4292 Elegaos
388 4217 514 4275 videlicet
537 4215 618 4272 fronto
641 4225 890 4287 pervenustusque,
942 4221 1003 4286 dat,
1018 4222 1073 4293 02
1087 4219 1179 4276 verbis
1190 4227 1279 4273 tamen
1293 4226 1335 4273 est
1348 4215 1396 4272 ille
1414 4233 1493 4288 quant
1510 4217 1638 4274 membris
1651 4233 1733 4274 exse·

68 4305 228 4386 euiusque
253 4313 289 4368 sit
311 4311 466 4382 spectabilis
491 4322 605 4379 persona
626 4311 785 4365 uisentibus.
813 4309 891 4364 Enim
942 4311 1161 4369 stabiliendam
1185 4324 1338 4381 quanquam
1361 4309 1463 4378 pruritu
1482 4308 1586 4365 laborat
1600 4313 1735 4367 sermonis

69 4395 164 4460 'ern
177 4407 222 4463 illa
235 4404 371 4461 sordidior
380 4413 461 4473 atquc
475 4400 623 4456 deformior
641 4409 683 4455 est
695 4401 827 4456 cadauere
847 4415 892 4456 so·
942 4405 1094 4470 irrhonesti,
1109 4414 1164 4458 tnm
1186 4411 1360 4474 patronorum
1381 4409 1423 4456 est
1444 4403 1578 4472 precipue
1599 4403 1733 4458 cauendus

74 4489 162 4564 Belli,
174 4498 245 4570 qnod
262 4493 367 4554 facibus
381 4494 497 4549 adnuntia
510 4492 759 4560 semicombustum,
774 4507 891 4564 moxque
941 4496 1062 4562 arcanis;
1091 4509 1206 4565 quorum
1219 4502 1260 4548 εει
1274 4493 1397 4547 laudator
1411 4493 1437 4548 in
1451 4494 1604 4563 prosperis,
1628 4495 1733 4552 delator

78 4572 203 4647 “tienne
214 4600 288 4647 strue
303 4587 413 4644 tortium
428 4585 582 4640 devolutum
596 4626 604 4652 ,
618 4583 732 4641 reddere
748 4601 820 4658 pyrae
832 4586 888 4656 jans
943 4591 971 4645 in
993 4585 1082 4643 dubiis
1098 4601 1107 4644 s
1130 4593 1157 4639 at
1170 4585 1192 4638 si
1205 4583 1238 4638 sd
1252 4584 1354 4638 occulta
1379 4581 1549 4640 familiarium
1573 4586 1732 4656 publicanda

81 4659 254 4739 ‘estidtosus
273 4680 417 4753 pollinctor
431 4676 567 4732 caltorrct.
581 4675 682 4733 Praeter
696 4678 772 4745 time,
789 4677 889 4736 lumina
943 4682 1072 4753 temporis
1086 4680 1155 4734 ratio
1176 4676 1318 4746 sollicitet,
1339 4691 1402 4732 mox
1417 4691 1467 4748 per
1481 4676 1553 4733 bunc
1574 4678 1733 4748 Sparncum

81 4765 166 4830 Beria
179 4776 250 4831 idern
264 4773 366 4829 lumine
379 4768 508 4836 careotizq
520 4786 579 4840 qum
591 4770 691 4843 Stygiae
702 4772 761 4827 tice
774 4772 888 4842 paludis,
943 4762 1109 4847 quaecunque
1119 4778 1182 4826 sunt
1198 4769 1287 4825 clausa
1301 4767 1467 4834 franguntur,
1479 4784 1593 4840 qumque
1610 4773 1733 4828 obserata

84 4854 207 4920 *illrum
219 4866 354 4936 lacrymas
369 4875 417 4932 per
432 4861 566 4916 tenebras.
578 4861 653 4917 Gerit
665 4871 692 4917 et
704 4878 784 4918 aures
796 4863 892 4918 imma·
943 4874 1097 4923 reserantur
1113 4878 1120 4916 a
1137 4863 1171 4916 ita
1186 4860 1258 4932 quod
1272 4874 1338 4930 quas
1352 4857 1493 4915 domomm
1509 4861 1662 4927 nequiverit
1675 4877 1734 4918 uta·

85 4943 179 5014 'flate
197 4955 336 5019 barrinas3
352 4967 466 5023 quarum
481 4950 597 5006 fistulam
619 4952 732 5009 biforem
753 4956 831 5026 pellis
847 4956 890 5012 ul·
943 4956 1031 5014 cltinis
1042 4962 1142 5024 apertae
1155 4951 1301 5008 simultatis
1314 4951 1454 5021 impetere,
1470 4951 1600 5007 cuniculis
1613 4952 1734 5011 claudes·

87 5039 189 5104 teron
210 5046 405 5112 circumvenit,
423 5044 512 5098 saxeis
526 5043 604 5099 nodis
618 5051 646 5100 et
670 5046 763 5103 tofosis
778 5047 892 5109 humore
945 5053 1008 5110 tinae
1026 5045 1187 5121 proditionis
1206 5045 1353 5116 impugnat.
1379 5043 1436 5100 lloc
1459 5043 1590 5101 fabricam
1612 5045 1734 5103 fladalns

92 5202 172 5274 capp,
186 5208 215 5272 9,
229 5206 275 5271 ti.
290 5204 335 5261 te.
352 5201 456 5259 Arcadii
473 5201 530 5283 filia
543 5200 694 5282 placidina,
715 5221 784 5263 uxor
797 5223 888 5278 qtton·
1001 5203 1037 5256 lm
1071 5201 1099 5275 rii
1110 5199 1186 5249 ¹²⁵f¹¹⁸
1197 5205 1248 5249 l⁰l⁰
1258 5199 1303 5284 llil
1317 5197 1384 5248 mli
1393 5199 1417 5247 i1¹
1431 5197 1502 5258 orbe,

96 5265 157 5357 claun
176 5279 281 5335 Leomii
303 5276 417 5358 iunioris
442 5272 670 5340 llnrtltgalcnstum
693 5280 822 5358 episcopi.
845 5282 886 5338 En
1015 5327 1025 5376 1
1054 5258 1578 5371 ⁰1¹¹?idhuiffili'ssffidffi}Selifflssehflllgig

99 5346 194 5406 burins
220 5352 309 5405 lucent
329 5353 443 5412 acctptet
471 5341 648 5424 Fortunatus,
674 5361 719 5414 qm
742 5349 888 5408 Placidiua)
1002 5328 1452 5446 ¹¹K¹gssl¹l¹i¹nffg⁰c¹¹g2rmpsupeffi
1461 5336 1549 5445 goffes'f
1564 5358 1585 5384 ”

102 5401 177 5483 ¹¹¹¹ius
199 5421 332 5481 orieinem
348 5417 430 5473 refert
446 5416 479 5469 ad
494 5417 602 5467 dtttum
624 5417 785 5489 Augustum,
799 5422 846 5480 lib.
863 5439 886 5492 t,
1545 5418 1552 5432 '

101 5480 214 5551 til'talne
228 5490 284 5548 ld:
944 5490 1224 5566 teramnensem
1239 5488 1362 5559 abneptis
1377 5485 1425 5540 luit
1444 5483 1513 5539 Aviti
1528 5498 1562 5537 es
1573 5478 1731 5553 Papianillia

943 5570 997 5626 fllia
1016 5576 1043 5622 ct
1064 5562 1186 5621 Sidonio.
1211 5561 1301 5630 ltaque
1323 5557 1392 5626 apud
1411 5553 1569 5622 Gregorium
1589 5567 1731 5624 corruptus

159 5602 554 5728 Ἥρᾚῖῗυῖἐᾞῃᾞξᾞ
561 5603 787 5717 ffigffffil„
943 5649 985 5696 est
997 5639 1089 5693 locttst
1104 5634 1194 5690 llirac.
1212 5631 1257 5695 65,
1274 5631 1300 5683 in
1315 5627 1386 5682 bunc
1410 5624 1518 5680 modum
1530 5623 1729 5694 restituerulus,

160 5730 255 5786 umes
265 5726 411 5781 abbrmdio
423 5727 526 5777 rentms
536 5729 649 5789 genitore
660 5727 779 5795 repugna,
944 5710 1045 5766 Alcime
1055 5721 1129 5787 soror
1137 5710 1160 5758 ct
1175 5700 1313 5756 Placiditut
1322 5698 1417 5780 genius
1429 5695 1587 5762 Apollinaris
1599 5695 1711 5770 episcopi
1718 5737 1728 5767 ,

190 5797 335 5858 quo-net
345 5788 483 5854 domuum
498 5790 800 5856 nenecessitatem.
944 5779 1016 5856 quod
1028 5789 1199 5852 perspicuum
1212 5780 1255 5831 cst
1265 5785 1301 5828 ex
1316 5769 1377 5826 ltbr.
1392 5781 1434 5840 ut,
1448 5780 1509 5840 cap.
1524 5765 1542 5823 Ξ
1560 5774 1588 5825 ει
1601 5765 1645 5823 ¹2.
