3788 6120
139 231 182 289 pp
835 222 1003 282 sttsrutt
1022 224 1090 287 tttt.
1745 228 1786 289 ss

143 343 215 397 illim
225 339 305 410 igitur
315 336 421 393 urbium
433 334 561 407 presides
572 332 759 406 predictorum
768 343 872 389 sattctte
882 350 939 391 tne-
953 343 977 399 A
991 337 1066 405 dunt,
1081 351 1114 393 ne
1128 351 1214 405 error,
1228 352 1307 407 qtteot
1319 338 1429 408 iurante
1439 336 1547 396 Christo
1561 339 1677 397 bomine
1688 356 1786 401 nostro

145 432 239 487 titurio
252 426 392 486 decessoii
404 443 465 484 tneo
477 443 531 482 nott
544 428 633 482 miuus
644 441 724 496 quern
745 426 841 491 nobis,
858 426 939 481 etiarn
992 443 1077 498 nepus
1090 428 1268 496 aboletiotus,
1280 441 1326 485 sut
1339 430 1366 485 in
1381 430 1499 497 similes,
1515 439 1561 485 aut
1580 431 1606 487 in
1626 448 1711 488 nurus
1725 448 1780 491 nrt·

146 534 210 577 totto
222 520 371 576 anulorum
381 518 492 579 enoris.
508 516 609 573 illicitis
624 516 798 586 punitionibus
814 517 941 572 audendo
990 534 1071 588 quant
1086 520 1195 589 prodite
1207 518 1292 588 possit
1301 533 1438 576 excessus.
1449 521 1526 589 Quod
1535 521 1626 592 utique
1638 538 1690 577 nott
1702 523 1783 581 aliter

146 613 286 683 prosequi,
301 610 373 678 quod
388 612 431 664 rix
447 609 516 680 apud
529 609 685 678 patientiam
696 615 816 662 nostram
827 608 883 663 sela
898 624 942 664 tte·
992 612 1260 682 poteritprtetateti,
1275 612 1435 668 nisislatutu
1459 615 1675 670 venerandorum
1698 630 1785 671 eunuc

147 707 303 762 ressitatum
313 705 402 775 potuit
414 702 600 770 deploratione
621 700 712 759 leniri.
729 700 831 767 Quibus
846 700 938 767 ettim,
993 718 1055 756 num
1070 703 1096 757 itt
1108 703 1238 759 tacendis
1250 703 1436 769 conuentibus,
1460 720 1529 775 quos
1551 709 1681 763 ltseteuus
1693 709 1784 769 ertittt

147 800 219 853 sicut
233 798 312 852 etiant
326 809 374 849 ros
388 794 519 865 probatis,
536 790 634 848 lactum
658 801 764 848 constat
786 791 939 861 exemplis,
992 795 1054 851 lecit
1066 779 1141 851 certa
1152 798 1309 863 necessitas,
1326 811 1504 867 exsequamur
1518 815 1525 851 r
1547 797 1575 854 in
1600 799 1696 868 quibus
1718 814 1784 870 pos·

149 900 178 945 et
193 905 242 960 qua
256 903 310 943 nott
321 886 508 957 objurgatione
521 883 707 954 dignissimum
718 892 776 950 est,
792 883 862 952 qood
878 898 941 937 sutt-
991 888 1053 952 siut,
1070 902 1119 956 pro
1129 887 1323 957 emergentium
1337 887 1500 944 necessitate
1510 903 1649 944 causarum
1661 931 1669 958 ,
1683 891 1718 947 ad
1734 904 1784 947 oe·

147 995 255 1037 storum
265 979 374 1036 Patron
388 977 518 1042 decretis,
532 984 559 1032 et
573 977 639 1044 ipsis
659 983 789 1046 repugnat
806 990 939 1031 canonum
991 977 1153 1033 eleslasticae
1173 977 1371 1032 observantiam
1387 976 1556 1047 disciplinae,
1572 988 1600 1035 et
1620 993 1681 1048 quus
1703 992 1785 1037 secan

147 1074 301 1132 institutis?
310 1087 368 1128 eum
382 1070 443 1127 ideo
453 1086 484 1125 se
494 1069 576 1126 irater
583 1074 639 1138 jem
652 1077 679 1125 et
693 1071 868 1137 eoepiscopus
892 1082 941 1122 oo-
991 1068 1061 1124 lacta
1078 1069 1188 1135 luerint,
1202 1070 1313 1139 corrigi,
1327 1080 1354 1124 et
1366 1071 1504 1140 sequenda
1516 1072 1653 1129 constitui.

151 1178 213 1222 ster
226 1165 337 1221 Hermes
350 1178 367 1218 a
379 1161 546 1219 Narbonensi
564 1160 680 1216 Eoelesia
693 1159 805 1216 eredidit
820 1160 881 1229 jure
894 1173 942 1213 su·
1025 1162 1058 1217 il.
1074 1161 1126 1217 l‘er
1135 1175 1221 1217 anuos
1231 1160 1321 1230 itaque
1334 1162 1473 1231 singulus,
1486 1178 1520 1220 ex
1532 1162 1676 1233 provinciis
1686 1160 1788 1231 quibus·

148 1257 235 1326 seipi,
252 1254 314 1325 quia
329 1253 437 1323 indigue
450 1266 465 1306 a
488 1250 703 1313 biterrensibus,
720 1249 816 1319 quibus
831 1248 939 1304 ordina·
992 1256 1119 1327 potuerit,
1131 1257 1298 1326 congregari,
1309 1253 1439 1311 habeatnr
1448 1255 1603 1325 episcopale
1616 1253 1760 1310 concilium
1773 1270 1781 1307 ε

152 1360 196 1405 1¹⁸⁸
203 1358 257 1415 0⁸¹2
269 1346 377 1403 ⁶3⁰&ss
389 1343 507 1401 “chidi-
521 1343 572 1411 0¹¹5
585 1342 606 1398 ⁸5
619 1358 682 1398 '0¹⁰
697 1341 748 1397 ¹¹⁰⁰
757 1342 784 1397 5¹¹
795 1356 825 1396 ὃθ-
840 1339 938 1396 ficium
992 1348 1030 1403 ita
1044 1357 1074 1403 ut
1085 1349 1243 1417 opportunis
1256 1347 1325 1403 loeis
1338 1355 1418 1418 etque
1431 1346 1618 1412 temporibus,
1634 1346 1784 1401 seeundum

150 1440 263 1503 lolem.
278 1447 306 1494 el
320 1436 441 1507 legitimo
451 1434 572 1492 ¹0¹n0ffi⁰
585 1431 730 1488 ilibifflliie
745 1432 860 1502 imilliffl
873 1430 942 1486 ⁸01⁵·
991 1440 1193 1510 dispositionem
1208 1439 1298 1495 iratris
1309 1447 1337 1493 et
1348 1438 1500 1509 coepiscopi
1513 1439 1597 1492 nostri
1614 1437 1729 1503 Letuttii,
1739 1437 1784 1493 eui

149 1539 193 1585 set
206 1527 324 1597 injurie,
339 1525 485 1581 vinidictam
500 1522 586 1593 magis
598 1522 692 1578 debuit
705 1537 816 1592 sperare
832 1536 942 1592 perpet·
991 1531 1199 1589 sollicitudinem
1226 1530 1253 1584 ln
1278 1527 1472 1599 congregandis
1497 1529 1624 1584 iratribus
1648 1528 1782 1598 delegati·

149 1621 200 1687 ⁵5⁵·
213 1633 296 1689 illum
306 1618 412 1672 'enim
423 1615 721 1686 befiilfflibflefflilw
730 1615 754 1670 δί
764 1630 836 1669 ¹¹⁰ssss
845 1613 940 1669 ”belii
992 1641 1062 1688 mos,
1073 1621 1286 1693 metropolitanis
1297 1636 1343 1691 per
1357 1621 1460 1674 litteris
1474 1618 1533 1688 ejus
1543 1617 1698 1686 admonitis,
1712 1618 1784 1675 cele-

150 1710 287 1767 communi
300 1709 420 1763 omnium
437 1708 542 1764 bomini
555 1704 726 1761 sacerdotum
741 1714 831 1761 utatur
841 1706 942 1772 animo,
959 1707 982 1767 Β
996 1716 1089 1772 prerup-
1107 1733 1114 1768 ;
1130 1723 1159 1770 ιιι
1172 1715 1195 1768 ti
1209 1713 1273 1784 quitl
1285 1727 1396 1783 osquam
1411 1712 1452 1767 rel
1468 1712 1495 1767 itt
1504 1711 1661 1767 ordinandis
1678 1711 1784 1780 episeo-

151 1805 175 1859 ιι
188 1805 304 1856 imitetur
315 1800 480 1869 metopium,
498 1799 521 1854 ti
537 1798 571 1852 ad
592 1797 649 1854 bue
670 1814 730 1869 quae
748 1797 940 1854 ecclesiastieae
994 1809 1046 1876 pis,
1060 1806 1101 1861 rel
1116 1805 1288 1877 presbyteris,
1296 1813 1343 1858 snt
1354 1803 1497 1873 cujuslibet
1504 1802 1558 1858 loci
1568 1803 1673 1858 clericis
1681 1803 1781 1859 lucien-

149 1895 250 1966 quictis
261 1893 488 1962 contemplatione
501 1898 637 1960 uteunque
651 1889 737 1959 sopita
752 1898 834 1955 sunt,
855 1888 942 1945 oeulis
992 1897 1044 1962 dis,
1056 1905 1149 1953 ιιιιιιιι
1162 1908 1295 1965 precepta
1309 1894 1455 1964 apostolice
1469 1893 1604 1962 reperitur
1614 1894 1785 1958 admissumr
1856 1888 1859 1893 ’

151 1987 241 2044 cordis
255 1986 387 2052 intendat,
399 1993 428 2041 et
441 1999 490 2054 pru
499 1986 582 2040 totius
598 1982 725 2039 Ecclesite
739 1982 864 2052 paee,vel
877 1982 939 2049 lille,
992 1995 1039 2045 sss
1053 1991 1079 2045 in
1104 2003 1197 2044 eorum
1215 1987 1420 2042 conuersatione
1444 1985 1581 2056 quippiam
1611 1986 1780 2053 reprobatur,

149 2096 212 2151 quae
225 2089 289 2135 sttui
301 2077 486 2148 multipliciter
505 2086 592 2132 errata
616 2075 768 2131 cottsidersl
790 2092 798 2129 ε
821 2074 887 2130 ttiltil
899 2082 942 2130 est
991 2080 1128 2137 communi
1139 2079 1257 2134 ominium
1273 2079 1432 2133 anctoritate
1454 2089 1600 2132 resecetur.
1620 2077 1648 2133 Ιιι
1668 2091 1699 2131 ea
1713 2092 1782 2146 pror

148 2171 272 2242 prolecto
283 2171 353 2242 quod
367 2184 422 2225 non
433 2169 513 2224 etiarn
535 2169 593 2237 ipse
613 2166 811 2236 reprehendat,
834 2175 862 2221 et
880 2181 942 2221 eru·
993 2174 1072 2242 cipue
1081 2172 1238 2228 celebritate
1250 2172 1438 2236 conueniatur,
1453 2186 1514 2240 qure
1529 2171 1689 2239 presidente
1703 2170 1784 2228 citri-

149 2261 303 2318 lteslatsibi
314 2259 397 2315 attoni
411 2259 482 2328 quod
504 2261 530 2314 ln
544 2258 631 2313 altero
650 2258 820 2313 laudabiliter
839 2257 940 2326 impro-
991 2274 1033 2319 sto
1044 2264 1158 2318 {inmitto
1171 2271 1275 2328 nostro,
1289 2271 1316 2316 et
1326 2261 1476 2316 ueneranda
1486 2261 1521 2316 sit
1532 2261 1642 2326 mortis,
1653 2274 1680 2316 et
1689 2261 1783 2317 lomb

147 2354 229 2411 berit.
245 2353 350 2409 Scimus
365 2336 449 2415 enim,
472 2358 499 2404 ct
511 2350 613 2418 iamdiu
636 2348 671 2404 de
691 2348 831 2403 intemerati
853 2346 942 2403 [ratris
993 2353 1080 2410 (loppin
1094 2355 1238 2422 perversis.
1254 2353 1309 2406 bec
1323 2355 1446 2422 cuiquam
1462 2352 1552 2407 licebit
1567 2368 1582 2407 s
1597 2354 1698 2420 regulis
1718 2367 1784 2410 eta·

147 2462 225 2503 conr·
236 2446 355 2501 rsatione
368 2444 433 2499 niltil
449 2442 578 2498 bebetttus
596 2442 774 2510 ambiguum,
791 2455 851 2496 euru
865 2448 942 2495 anle-
991 2445 1059 2515 gari,
1072 2444 1199 2513 quaesibi
1212 2443 1285 2513 juxta
1301 2458 1433 2498 canonum
1447 2443 1619 2500 dclittitiunes
1639 2442 1712 2498 nriitr
1726 2442 1783 2499 ira·

146 2540 289 2595 aetaeritoe
303 2537 515 2606 ipsiuseursum,
530 2541 559 2589 et
576 2544 648 2589 tetro
662 2533 841 2602 atttepositum
855 2529 942 2603 [omne
992 2538 1104 2592 semitas
1125 2537 1152 2590 itt
1176 2549 1317 2590 commune
1343 2535 1492 2604 pirunteus
1513 2550 1522 2594 s
1543 2550 1603 2590 curn
1626 2536 1783 2590 itutnineuts

146 2627 319 2700 propositum]
348 2636 440 2683 nostro
463 2626 635 2681 resolventes
657 2623 761 2691 animo,
778 2621 829 2678 bos
849 2623 940 2689 illuns,
991 2630 1134 2697 quotannis
1147 2628 1274 2683 examine
1288 2627 1323 2680 ito
1338 2627 1435 2697 singuli
1446 2635 1520 2691 retus
1535 2641 1600 2681 suus
1610 2626 1736 2695 dirigent,
1750 2634 1781 2681 st

146 2736 216 2790 qous
229 2720 256 2774 in
271 2719 462 2789 coarguimus,
477 2716 624 2771 ittettrrisse
634 2715 819 2785 potius,qttam
832 2713 939 2780 lesisse,
992 2719 1034 2774 itis
1049 2718 1180 2774 discussio
1196 2717 1290 2787 judieii
1305 2718 1393 2787 optari
1411 2719 1496 2787 magis
1513 2716 1626 2784 debeat,
1647 2731 1728 2786 quarn
1743 2716 1781 2773 ti·

146 2811 316 2866 aestimamos
328 2821 468 2863 excessus.
481 2805 520 2862 be
534 2805 632 2874 quibos
646 2805 807 2875 presidente
826 2806 939 2859 irotrum
991 2811 1069 2867 meri.
1084 2810 1113 2865 in
1124 2808 1281 2865 dirimendis
1296 2824 1361 2865 saue
1372 2809 1538 2879 gratioribus
1553 2809 1658 2878 censis,
1678 2818 1707 2864 et
1718 2822 1782 2880 qun

146 2914 297 2957 nutrieruso
308 2899 434 2966 coneilio,
449 2907 476 2954 et
487 2913 522 2954 er
536 2898 652 2953 dirersis
666 2895 813 2969 prouinciis
824 2895 858 2951 ad
868 2894 940 2951 dieut
991 2902 1044 2958 illic
1059 2915 1113 2956 nun
1127 2900 1263 2970 potuerint
1276 2901 1425 2966 terminari,
1451 2899 1607 2970 apostolico
1628 2899 1701 2957 tedis
1716 2913 1781 2957 sett-

146 2997 246 3053 oatulis
273 2999 359 3060 nostri
384 2996 412 3050 io
439 2994 569 3050 bonorem
584 2992 655 3049 beati
674 2991 746 3046 Petri
759 2990 876 3061 apostoli
890 3004 939 3061 per
992 2994 1074 3051 teotia
1086 2992 1251 3048 consolatur.

145 3086 324 3159 Dcigratiam
342 3094 519 3156 congregem,
535 3083 741 3155 presidentibus
764 3082 891 3139 iratribus
911 3075 976 3140 etC
1026 3085 1071 3141 ΙΙΙ.
1086 3084 1151 3141 iliud
1165 3084 1310 3140 etiamnon
1323 3096 1465 3155 possonm
1480 3082 1629 3151 preterire,
1642 3079 1782 3152 qnodsoi·

146 3177 428 3249 coepiscopnostri·
444 3177 540 3232 Fausto
553 3187 580 3232 et
595 3177 728 3245 Auianio,
742 3182 821 3245 atque
832 3173 938 3245 agenti·
991 3176 1129 3235 licitodine
1140 3176 1310 3246 diligentiore
1323 3175 1470 3231 curandum
1482 3177 1534 3242 sit,
1550 3190 1584 3230 ns
1603 3186 1701 3244 prater
1718 3188 1778 3233 ms·

146 3268 347 3341 impurioris,
361 3268 553 3339 quasigorem
573 3267 717 3335 respiciunt
739 3264 939 3321 atteteritateot-
992 3268 1213 3338 tropolitancrum
1234 3280 1344 3322 sitorum
1366 3266 1470 3323 litteras
1481 3266 1562 3337 aliqui
1576 3265 1610 3321 ad
1632 3265 1780 3336 quamlibet

145 3378 202 3431 que
216 3359 322 3431 judicii,
336 3360 389 3416 ida
406 3360 483 3414 nobis
497 3358 570 3430 pacis
581 3367 623 3413 eut
635 3372 727 3413 timore
740 3358 915 3412 constitutum
930 3393 939 3422 ,
990 3360 1154 3432 provinciam
1168 3356 1286 3413 audeaut
1305 3358 1437 3428 prolteisci
1453 3357 1543 3428 :qood
1565 3357 1645 3412 etium
1661 3358 1688 3412 io
1703 3357 1780 3414 otnnl·

146 3452 218 3505 utin
233 3450 379 3513 setttetttia,
393 3465 472 3520 quum
485 3449 536 3504 sub
546 3448 852 3516 adversioneutrinsque
866 3445 941 3516 lega·
990 3451 1179 3524 geneppoffloii
1192 3451 1325 3507 clericalis
1342 3465 1393 3521 per
1416 3449 1535 3519 singulos
1548 3449 1628 3505 debet
1642 3449 1778 3508 Ecclesiae

146 3541 229 3596 utonis
244 3540 307 3595 ittde
319 3540 439 3603 directe,
455 3539 560 3593 Gltristo
575 3538 688 3593 Domino
699 3549 792 3592 nostro
806 3536 939 3605 intpirsn·
990 3543 1130 3599 puspodiri,
1142 3542 1243 3608 Qpibpr
1255 3540 1408 3596 pectinario
1421 3537 1777 3607 baeretioneprorpicltpm,

146 3642 187 3697 te,
202 3630 375 3702 protulimus,
390 3645 477 3699 neque
495 3629 597 3684 corilus
617 3627 779 3694 evangeliste
798 3625 940 3695 indulgen·
992 3647 1019 3688 ιιι
1033 3634 1056 3688 si
1071 3635 1122 3689 troc
1135 3635 1279 3700 impetrare
1294 3644 1342 3699 per
1363 3630 1480 3698 aliquem
1501 3645 1554 3683 non
1578 3631 1724 3685 ιιιιιιιιιιῑιιι
1744 3629 1786 3687 pi.

146 3724 205 3789 tite,
219 3738 305 3793 neque
316 3722 468 3791 apostolice
482 3721 553 3790 rirga
564 3719 678 3775 deluerit
694 3716 940 3787 disciplinarium·
991 3725 1138 3787 multatcm,
1153 3736 1214 3776 eum
1228 3721 1333 3776 duobus
1346 3719 1559 3788 metropolitanis
1569 3718 1778 3789 provinciarum,

145 3833 200 3887 qne
213 3818 240 3873 in
254 3828 339 3872 totum
354 3831 404 3871 nee
419 3814 555 3871 remittere
566 3828 615 3868 tros
625 3812 689 3868 iecit
702 3812 877 3882 indulgentia,
889 3823 940 3866 occ
990 3831 1050 3886 quae
1064 3830 1189 3885 congrue
1200 3824 1272 3879 sunt,
1284 3813 1449 3870 Arelatensis
1462 3813 1604 3884 episcopus
1614 3823 1710 3870 cuncta
1722 3813 1779 3871 dis·

146 3907 254 3962 alterno
266 3921 402 3963 coercere.
991 3908 1105 3974 cutiens,
1121 3921 1167 3972 pro
1182 3920 1273 3961 cause
1292 3904 1420 3974 qualitate
1433 3904 1600 3961 observanda
1614 3908 1779 3962 constitutit

185 4002 206 4055 l.
222 4000 252 4055 Ei
265 4000 310 4071 qui
326 4013 398 4054 nunc
413 3997 540 4053 Ecclesiae
551 3995 717 4051 Narbonensi
725 3994 869 4066 praesidere
879 4010 937 4064 per·
991 4014 1041 4053 nee
1064 3999 1091 4052 iu
1106 3997 1228 4067 ittjuriom
1250 3997 1361 4052 alterius
1387 3997 1504 4053 alienum
1529 3999 1656 4053 clericum
1677 3997 1780 4066 suscipi

146 4093 274 4157 mittitur,
303 4091 511 4146 ordinandorum
536 4090 740 4157 episcoporum,
756 4086 859 4141 obltaee
878 4101 938 4154 qun
991 4097 1088 4159 praeter
1101 4089 1283 4144 testimonium
1299 4087 1400 4157 proprii
1413 4088 1540 4142 antistitis
1565 4087 1712 4143 seeundum
1731 4100 1779 4141 ra·

146 4199 231 4256 prate
243 4183 313 4239 lacta
324 4193 402 4248 suut,
425 4180 581 4237 sustulimus
603 4188 782 4251 potestatem,
805 4193 884 4247 quatu
902 4180 938 4232 ita
991 4198 1090 4238 notrum
1103 4189 1202 4237 sntula
1217 4181 1365 4251 precipiet.
1389 4177 1491 4249 Singuli
1504 4188 1593 4233 autem
1607 4176 1712 4242 iratres,
1720 4175 1778 4232 otti·

146 4281 182 4334 ad
211 4278 319 4333 tratrem
347 4287 374 4332 et
400 4277 587 4345 eoep'scopum
614 4283 735 4328 nostrum
755 4270 938 4327 constantium
990 4275 1113 4344 versique
1127 4282 1289 4342 cognoscent
1299 4271 1444 4341 parendum
1454 4284 1513 4326 csse
1523 4269 1700 4340 presentibus
1712 4282 1779 4325 eon·

146 4370 267 4428 Uertice
282 4369 408 4424 Ecclesiae
417 4367 580 4434 antistitem,
602 4365 662 4434 qnia
683 4378 742 4418 nro
760 4363 870 4417 ltonoris
885 4361 939 4430 pri·
989 4365 1103 4432 trituris,
1117 4364 1214 4435 quibos
1233 4365 1312 4420 etism
1333 4363 1507 4419 commonitio
1526 4371 1616 4416 nostra
1636 4361 1779 4418 denuntiat

144 4478 208 4518 mas
219 4475 280 4516 esse
292 4459 399 4523 dicitur,
415 4457 728 4528 pertinereeeusuimos,
751 4463 780 4509 ot
800 4454 823 4508 si
842 4468 937 4519 super·
949 4449 977 4511 n
988 4458 1016 4512 itt
1030 4472 1079 4512 eos
1090 4456 1188 4511 Christi
1204 4455 1310 4509 Domini
1321 4455 1404 4508 trostri
1416 4452 1550 4522 iudicium
1569 4451 1679 4509 minime
1700 4452 1781 4509 delu-

144 4555 213 4610 stite
241 4552 340 4608 llerme
362 4550 488 4620 episcopo
503 4547 645 4603 deiuttetus
668 4544 768 4611 luerit,
783 4546 858 4601 illum
882 4544 940 4601 boec
990 4558 1091 4613 turum,
1105 4546 1151 4615 qui
1161 4544 1322 4601 declinando
1332 4544 1446 4612 superba
1461 4544 1609 4600 rebellione
1618 4554 1781 4614 contentos,

145 4658 213 4699 cora
228 4642 363 4709 respiciat,
375 4655 454 4710 quern
465 4641 597 4709 repererit
616 4638 776 4708 episcopalis
799 4638 867 4694 ordo
881 4637 939 4707 pri·
990 4637 1168 4696 conscientie
1176 4651 1233 4711 suut
1254 4635 1780 4695 testimonioconfutantorsucerdutalis

145 4745 258 4791 malent.
272 4734 371 4789 llerme
385 4740 473 4786 autem
488 4731 614 4801 episcopo
627 4729 788 4796 deficiente,
803 4728 939 4785 iaciendo-
990 4729 1152 4786 innocentie
1162 4729 1285 4784 ddociato
1300 4743 1353 4784 ttott
1370 4729 1479 4785 ltabere.

144 4842 209 4882 rum
222 4840 281 4881 mos
294 4825 444 4882 antistitum
458 4823 625 4880 Narbonensi
636 4840 697 4880 tuos
707 4823 834 4880 reddatur
848 4824 938 4880 decle·
1026 4824 1216 4880 inereretur
1231 4823 1353 4894 ejusdem
1369 4822 1459 4881 iratris
1482 4825 1588 4880 libellus
1609 4823 1716 4881 oblutus
1736 4832 1778 4881 est

144 4922 207 4984 siae,
219 4934 300 4989 quem
315 4935 368 4973 outt
382 4917 486 4984 ciritae,
496 4917 544 4972 sed
556 4931 635 4973 eattsa
647 4917 863 4987 praesumptionis
872 4918 940 4973 ami·
991 4915 1078 4980 nobie,
1092 4930 1146 4985 quo
1161 4915 1283 4985 perbibet
1296 4914 1438 4996 parochias
1460 4914 1627 4970 Arelatensis
1651 4915 1777 4970 Ecclesia

144 5013 192 5068 sit.
212 5011 394 5068 Uttderestre
408 5009 584 5065 fraternitatis
598 5011 624 5064 itt
641 5009 754 5065 Domino
775 5009 880 5065 sincera
898 5008 940 5064 di·
990 5023 1005 5062 o
1022 5007 1219 5077 predecessore
1233 5023 1281 5062 soo
1295 5008 1395 5063 llllsrio
1407 5009 1433 5063 in
1446 5008 1514 5063 allos
1527 5008 1612 5078 (quod
1623 5023 1675 5064 nott
1689 5005 1776 5079 licuit)

144 5101 238 5165 lectio,
253 5099 462 5156 sollicitudinem
479 5100 620 5169 pastoralis
630 5115 702 5154 curre.
721 5099 746 5153 itt
758 5099 814 5154 suis
831 5098 940 5155 sudibus
991 5099 1076 5156 luisse
1087 5102 1239 5164 tremissas,
1253 5110 1349 5169 petens
1361 5099 1420 5155 illos
1435 5100 1551 5170 pristino
1561 5099 1614 5171 jori
1624 5111 1714 5156 nostra
1729 5114 1777 5153 su·

144 5193 244 5260 partita
259 5191 408 5257 nobiscnm,
424 5191 626 5245 commissarum
640 5190 691 5245 sibi
705 5189 885 5244 ssedrsisrutn
896 5188 938 5244 di·
990 5192 1114 5246 ctoritate
1125 5190 1239 5245 restitui.
1254 5189 1308 5247 Sed
1323 5191 1513 5247 moderaminis
1524 5191 1662 5260 apostolici
1675 5200 1778 5245 memo·

144 5281 284 5352 ligentiam
300 5283 440 5352 vigilanter
453 5293 597 5347 exerceat,
619 5291 646 5336 et
668 5297 761 5337 eurum
777 5282 866 5336 taliter
876 5297 937 5353 quse
990 5297 1045 5347 res,
1061 5281 1222 5337 fraternitati
1245 5292 1344 5338 restrae
1361 5285 1499 5353 querelam
1522 5284 1605 5351 ipsius
1624 5281 1778 5338 retttieitotts

143 5373 173 5428 itt
189 5373 357 5428 Narbonensi
370 5373 507 5442 provincio
519 5388 664 5438 emersere,
676 5376 838 5439 meminerit,
850 5375 937 5432 olde-
989 5371 1150 5427 audientiam
1165 5389 1172 5425 τ
1190 5381 1218 5427 tlt
1236 5373 1261 5426 in
1273 5382 1362 5428 vestro
1381 5382 1514 5428 contentu
1535 5388 1566 5427 ert
1587 5385 1678 5441 quaea
1698 5370 1779 5428 nobis

144 5473 261 5520 teretur
275 5464 372 5520 luctum
384 5467 473 5534 potius
488 5480 567 5535 quaro
583 5473 671 5520 sttrnot
681 5467 844 5533 exemplum.
858 5465 935 5534 Quod
989 5470 1095 5531 sperato
1107 5471 1181 5530 sont,
1200 5462 1360 5532 allegentur,
1376 5474 1403 5518 et
1414 5478 1473 5533 quae
1491 5462 1681 5520 ecelesiasticis
1698 5476 1778 5535 regu·

143 5558 181 5611 itu
194 5555 323 5626 deittccps
336 5573 397 5612 esse
409 5556 621 5624 nolutnus,sicut
634 5556 768 5621 notitnos,
778 5573 830 5611 ttott
840 5556 933 5612 luisse.
991 5555 1024 5610 lis
1037 5563 1200 5624 congruunt,
1212 5555 1403 5611 decernantur.

144 5651 251 5713 ltaque,
261 5648 357 5704 lintres
367 5648 515 5716 carissimi,
525 5648 683 5706 necessariis
697 5648 793 5705 studiis
807 5659 847 5705 est
858 5663 935 5719 agen·
1023 5646 1055 5702 il.
1071 5646 1158 5703 Sintoi
1169 5648 1249 5704 etiam
1263 5663 1345 5719 snper
1357 5647 1408 5704 boe
1418 5647 1570 5706 universam
1582 5648 1779 5707 lrrternitaten
