3788 6120
123 279 176 337 tul
767 265 888 324 studuit
910 264 1133 321 sluttnttttts
1304 269 1306 275 '
1714 261 1765 319 tut

124 393 157 446 lis
171 389 321 459 acciperet,
335 393 381 441 aut
396 382 476 440 etiam
490 379 650 452 Capitolina.
666 377 792 434 Paeonius
806 378 917 447 exarsit,
931 386 958 449 g
971 388 1035 432 tunc
1048 376 1175 449 incipiunt
1190 376 1345 447 dignitates.
1362 377 1443 448 igitur
1453 376 1550 434 is'esie
1565 376 1764 447 praelectorins,

123 485 166 539 cui
180 479 313 553 satyricus
333 476 378 532 ille
402 488 520 530 morsum
542 471 630 528 dentis
651 470 726 541 igniti
740 468 844 525 auidius
860 469 913 523 im·
972 467 1013 524 sic
1026 476 1134 523 senator
1155 466 1243 540 (cuius
1267 466 1387 524 moribus
1410 469 1481 539 quod
1498 469 1633 539 preconia
1654 483 1765 539 compe·

124 581 262 647 presserat
280 588 288 628 a
311 579 392 641 atque
405 567 439 623 ad
460 575 580 621 astantes
601 564 794 630 circulatores,
810 561 916 630 injuriae
969 559 1050 615 tentia
1064 573 1116 615 ιιοιι
1130 573 1162 615 er
1177 575 1239 615 asse
1255 560 1390 632 persolvo,
1405 562 1497 629 generi
1523 560 1565 617 sni
1580 563 1704 618 moribus
1718 564 1766 618 de·

124 663 284 732 cummunis,
297 661 393 732 inquit,
405 660 460 730 lam
473 672 547 713 reum
560 654 658 711 inueni.
674 653 775 710 Videtis
788 649 916 709 utCatnl·
968 648 1042 722 beo),
1056 651 1201 707 multorum
1218 653 1369 722 plusquam
1385 651 1517 706 bonorum
1538 651 1600 707 odia
1618 655 1767 711 commorit

125 758 195 812 linus
209 732 314 826 deperit
329 753 405 807 risui
432 753 549 820 Apparet
561 748 585 804 ei
600 757 665 803 nitra
678 746 834 802 memorari.
849 744 915 800 Nam
967 744 1055 800 adime
1070 744 1202 814 ignoranti
1216 743 1292 810 milti,
1308 744 1395 798 adbuc
1409 744 1508 811 amieo,
1523 753 1650 815 tauquam
1662 748 1767 804 smculo

124 864 185 919 quse
197 861 277 903 causa
287 844 416 915 compulit
426 842 549 898 festinam
564 840 730 911 praecipitare
744 838 922 903 sententiam,
968 851 1135 891 meueaucre
1153 836 1226 892 solus
1249 851 1329 892 versu
1349 835 1477 892 ualerem.
1508 836 1590 893 Penio
1613 837 1765 907 Arelatem,

124 940 176 995 nisi
188 939 258 1009 quod
271 938 326 1008 jam
341 942 416 993 tenet
431 944 532 1000 totum,
549 931 642 1003 quide
656 938 730 1003 parte
743 932 782 986 sie
793 930 917 1002 judicati
968 925 1033 981 nibil
1049 926 1136 981 adbuc
1150 925 1289 995 suspicans
1303 943 1310 980 ε
1325 926 1397 981 unde
1412 925 1504 982 enimi
1515 942 1667 1000 quanquam
1683 939 1767 999 puta-

125 1031 353 1103 llsquosidonius
367 1028 474 1084 nuncin
490 1026 612 1081 Aruerno
622 1033 663 1082 est
678 1039 686 1079 ι
702 1022 773 1079 unde
784 1021 917 1092 colligitur
967 1032 1012 1073 rer
1024 1017 1058 1072 ab
1076 1016 1191 1072 inimicis
1206 1031 1259 1071 non
1273 1014 1429 1080 adiuturum
1444 1031 1476 1071 sc
1489 1017 1608 1087 principe
1623 1029 1685 1089 post
1693 1020 1768 1073 diem

125 1134 236 1179 anctore
246 1123 301 1191 illo,
316 1122 367 1176 isto
381 1120 513 1186 auditore,
525 1133 582 1175 rem
593 1126 703 1174 tertam.
717 1116 770 1172 ltnr
785 1117 811 1171 in
825 1115 915 1182 turias,
967 1111 1037 1178 risu,
1056 1110 1083 1164 in
1099 1108 1185 1165 lurum
1198 1125 1230 1165 et
1243 1124 1320 1165 ruore
1333 1108 1487 1176 descendo;
1511 1109 1583 1180 qnod
1606 1110 1652 1165 ubi
1677 1110 1768 1165 risum

124 1219 205 1285 inque
225 1215 345 1271 erraticis
367 1213 507 1279 absentis,
530 1210 692 1278 nescientis,
714 1209 917 1278 innocentisque
968 1210 1009 1258 est
1034 1200 1105 1256 illico
1128 1200 1249 1270 expavit,
1265 1209 1295 1255 nt
1323 1200 1360 1254 ait
1385 1198 1441 1268 ille,
1457 1201 1512 1273 28
1531 1201 1567 1256 nil
1582 1200 1768 1257 fortiterausa

123 1307 310 1370 eonscientiae,
326 1303 388 1360 lidei
402 1303 543 1374 quaestioni
555 1303 592 1357 nil
606 1309 769 1358 reservatur.
784 1300 830 1357 Sic
845 1298 916 1356 leuis
967 1295 1074 1354 seditio.
1109 1294 1161 1350 stit
1189 1303 1277 1349 tamen
1310 1292 1377 1348 mibi
1399 1293 1459 1364 plns
1486 1308 1566 1361 quam
1598 1292 1711 1348 deceret
1732 1294 1769 1348 ad

124 1399 209 1453 turbae
223 1396 389 1463 lacilitatem,
405 1410 457 1466 qua
473 1395 567 1462 uoluit,
578 1394 714 1451 contraxit
732 1407 846 1462 persona
869 1406 917 1461 po·
967 1402 1054 1458 getrua
1069 1387 1190 1457 provolvi
1202 1402 1210 1450 ;
1222 1385 1267 1440 alii
1281 1400 1314 1440 ne
1325 1385 1484 1450 salutarent,
1498 1381 1511 1420 i
1525 1382 1618 1453 lugere
1634 1394 1697 1454 post
1712 1391 1769 1440 sta-

124 1487 234 1557 pulapis,
261 1487 326 1542 Erae
348 1488 420 1543 purim
434 1486 492 1556 ipae
507 1486 629 1540 linuntur
654 1485 747 1555 populi
772 1493 854 1554 tutus,
871 1486 916 1555 qni
968 1488 1037 1542 tuas,
1054 1475 1140 1533 occuli
1160 1485 1221 1545 pust
1241 1477 1396 1543 columnas;
1410 1476 1455 1531 alii
1476 1476 1577 1544 tristes,
1595 1476 1770 1546 vultuosique

124 1578 269 1635 tribunitiis
282 1576 389 1633 batibus
404 1577 502 1632 erebro
517 1577 680 1632 seditionum
693 1576 803 1646 pelagus
818 1575 915 1646 impel-
965 1575 1066 1647 junctis
1078 1574 1145 1631 mibi
1167 1576 1295 1631 lateribus
1315 1576 1450 1632 incedere.
1471 1576 1521 1632 llic
1542 1591 1604 1647 ego,
1628 1578 1696 1648 quid
1714 1578 1769 1634 sibi

124 1673 201 1729 leret.
216 1669 347 1726 eunium
363 1671 387 1726 si
406 1669 575 1740 requisisses,
597 1667 643 1738 qui
667 1682 762 1737 gertus,
777 1666 849 1722 unde
862 1665 912 1722 do·
971 1669 1029 1724 liaeo
1045 1668 1226 1725 velletiuillis
1251 1668 1385 1739 superbiae
1409 1669 1508 1735 nimie,
1531 1670 1557 1725 in
1582 1670 1641 1725 istis
1656 1672 1769 1728 bumili-

125 1777 188 1828 um;
213 1777 267 1816 nun
287 1759 448 1816 eminentim
463 1774 541 1829 quam
557 1766 571 1796 ⁸
595 1756 793 1826 municipaliter
814 1762 910 1811 naurs:
928 1745 1027 1818 Brutis
1042 1760 1145 1831 turma,
1157 1761 1260 1827 mirari,
1276 1774 1327 1816 aec
1341 1760 1511 1817 ultrotamen
1534 1775 1630 1817 causas
1649 1763 1770 1820 interro·

125 1868 287 1925 quemquern
302 1853 373 1907 ittler
387 1851 462 1906 initia
475 1851 526 1923 2⁷
542 1849 679 1919 cognosci,
702 1848 811 1903 claritas
824 1845 914 1902 vilrici
963 1869 1039 1926 gare,
1052 1870 1113 1912 pum
1133 1853 1295 1910 subornatus
1317 1869 1388 1912 unus
1404 1854 1511 1910 elurbs
1526 1854 1705 1910 factiosorum
1720 1856 1766 1912 dat

124 1949 210 2018 magis
224 1960 304 2017 qnam
319 1944 402 2014 patris
414 1943 517 2000 iecerit.
536 1939 682 1997 identidem
707 1947 796 1995 tamen
811 1954 859 2009 per
874 1938 914 1994 las
965 1961 1026 2005 gese
1041 1945 1615 2016 mihiconsalutandum'luncprocedente
1627 1963 1769 2016 sermone,

124 2036 546 2111 uetasquecusuereauuuuns;
561 2035 737 2106 pecuniaque
756 2048 805 2103 peu
828 2031 915 2088 everi·
964 2039 1060 2096 carun
1074 2039 1251 2110 nucttuqun.
1265 2038 1770 2110 augustaei,tuquimgenusque

125 2133 190 2187 tiam
206 2143 313 2202 parcus,
328 2144 376 2199 per
389 2129 518 2184 ambitum
532 2126 672 2198 prodigus·
686 2125 805 2195 Namque
826 2135 856 2180 ut
876 2123 915 2179 stt·
965 2146 1059 2187 eorum
1073 2131 1157 2186 miror
1172 2130 1309 2201 equidem,
1329 2145 1379 2186 nec
1390 2131 1520 2186 admiror.
1544 2131 1586 2187 ad
1601 2130 1661 2187 baec
1675 2142 1770 2188 noster

126 2228 208 2294 miliae
219 2226 352 2296 superiori
377 2239 425 2295 per
444 2224 526 2278 liliam
549 2222 640 2278 saltim
664 2235 816 2292 quanquam
831 2220 915 2275 hone·
966 2223 1117 2292 interpres:
1136 2223 1169 2280 lit
1192 2223 1413 2294 satyrographum
1433 2234 1470 2289 te,
1493 2223 1590 2294 inquit,
1615 2234 1667 2280 aut
1687 2239 1769 2281 ease·

124 2321 270 2383 atissimam
283 2319 451 2391 iungeretur,
468 2325 563 2372 oontra
581 2314 698 2384 rigorem
719 2312 798 2368 civici
813 2310 914 2377 moris,
965 2322 1085 2382 crentur,
1101 2326 1147 2370 aut
1161 2314 1348 2371 reformidant.
1365 2315 1603 2387 uuuutqmueut
1614 2319 1764 2387 respondi:

124 2411 303 2482 splendeam,
318 2419 349 2467 ut
361 2411 460 2476 iemnt,
477 2408 568 2466 dotem
580 2403 710 2462 Chremes
733 2413 823 2458 noster
839 2403 916 2457 Pant-
966 2407 1025 2477 quis
1046 2409 1148 2462 crimen
1175 2408 1308 2478 agnonitl
1324 2410 1384 2479 quis
1404 2408 1516 2465 detulit?
1536 2410 1598 2481 quis
1618 2411 1768 2483 probaritl

124 2503 197 2575 philo
209 2519 260 2560 suo
272 2504 388 2562 dixerat.
414 2501 535 2570 Cumque
549 2499 583 2555 de
596 2496 763 2568 capessendo
777 2493 915 2551 diadema·
967 2498 1080 2568 bloxque
1094 2499 1255 2554 subridens:
1270 2499 1365 2572 Perge,
1387 2499 1508 2571 inquam,
1519 2502 1618 2569 amice,
1637 2503 1691 2559 nisi
1706 2519 1767 2559 nto·

125 2606 152 2652 te
166 2596 179 2636 δ
192 2595 342 2667 coniuratio
355 2591 526 2650 ilarcclliana
540 2598 714 2662 coqueretur,
730 2585 861 2642 nobilium
872 2584 916 2656 ju·
967 2588 1063 2644 lestnnr
1079 2599 1131 2657 est,
1146 2599 1173 2645 et
1187 2600 1370 2648 tumescentes
1395 2597 1506 2649 nomine
1527 2609 1589 2649 mco
1617 2595 1766 2652 consulere

124 2687 225 2742 tentrni
240 2684 396 2756 signilemm
408 2697 469 2739 sese
482 2683 510 2737 in
527 2679 642 2736 factione
653 2678 819 2749 prebuerat:
834 2676 916 2731 horno
966 2681 1087 2752 dignare,
1100 2685 1420 2742 utrumnamilledelator
1430 2695 1475 2740 atri
1485 2686 1576 2751 iudea,
1587 2690 1635 2757 qui
1646 2701 1765 2759 satyram

124 2777 213 2835 adbuc
226 2792 311 2833 nouus
325 2777 351 2831 in
365 2782 513 2837 senectute,
532 2773 619 2829 dorrec
643 2770 787 2844 aliquando
806 2778 917 2841 propter
966 2786 1010 2828 me
1025 2774 1165 2844 scripsisse
1177 2775 1318 2842 contituit,
1332 2782 1360 2832 et
1374 2777 1565 2847 perscripsisse
1583 2778 1764 2835 continuerit:

124 2868 308 2938 experimenta
323 2867 410 2923 felicis
423 2865 552 2931 audacias,
570 2862 698 2918 natalium
713 2862 774 2934 eius
795 2861 918 2918 obscuri·
968 2863 1038 2919 unde
1060 2863 1129 2920 loric
1149 2865 1185 2921 sit
1208 2865 1291 2923 tutius
1311 2871 1333 2922 si
1354 2869 1547 2935 retractabunt,
1569 2878 1599 2923 ut
1624 2872 1765 2939 superbire

125 2959 173 3014 tati
193 2958 267 3012 dedit
294 2956 392 3011 biantis
416 2953 562 3024 interregni
589 2954 656 3009 rima
680 2952 823 3024 fulgorem.
848 2951 915 3008 nan
967 2955 1107 3010 desistant.
1121 2955 1198 3021 Quod
1213 2956 1258 3013 ubi
1274 2960 1384 3014 nuntius
1398 2960 1502 3027 retulit,
1523 2962 1649 3029 protinus
1672 2962 1764 3017 cuncti

127 3056 238 3104 vacante
253 3047 324 3113 aula,
341 3046 500 3114 turbataque
519 3044 671 3114 republica,
695 3044 770 3099 solus
793 3044 916 3099 inuentus
969 3060 1022 3109 nun
1036 3045 1167 3113 modeste,
1180 3062 1268 3116 neqne
1280 3048 1389 3120 singuli,
1403 3052 1450 3106 sed
1466 3065 1580 3122 propere
1597 3060 1626 3106 ct
1640 3063 1763 3107 caterra·

127 3148 177 3206 est,
192 3138 238 3208 qui
252 3137 285 3192 sil
313 3136 414 3193 Gallias
433 3133 674 3199 administrandas,
699 3133 815 3190 lascibus
842 3134 917 3204 prius
931 3112 954 3179 C
970 3137 1018 3193 tim
1032 3138 1123 3193 oscula
1138 3152 1171 3194 ac
1184 3139 1310 3197 dexteras
1330 3141 1396 3196 milui
1419 3141 1561 3198 dederunt.
1586 3142 1669 3199 Solus
1684 3143 1764 3200 curto
1788 3168 1812 3208 q

126 3242 206 3297 quam
220 3227 352 3284 codicillis
366 3241 448 3283 ausus
464 3225 577 3296 accingi,
597 3223 735 3281 mensibus
757 3223 847 3280 multis
870 3224 917 3280 tri·
969 3243 1057 3295 mens,
1069 3230 1096 3284 in
1110 3230 1308 3302 transfugarum
1322 3231 1462 3302 perfidiam
1476 3234 1608 3297 intectus,
1631 3249 1695 3290 cum
1714 3235 1763 3291 sd·
1774 3268 1812 3286 -

125 3322 206 3379 bunal
232 3321 376 3378 illustrium
408 3329 569 3391 potestatum
595 3316 748 3387 spectabilis
774 3317 917 3387 prefectus
969 3330 1181 3389 vesperasceret,
1197 3338 1244 3393 per
1256 3323 1439 3380 cathedrarios
1452 3338 1546 3380 serum
1570 3324 1812 3396 vespillonibnu

125 3416 280 3485 ascenderet
295 3434 302 3471 :
316 3423 505 3485 catraperseta
519 3411 622 3468 militias
634 3421 760 3466 extramae
772 3408 916 3465 terminum
970 3412 1094 3468 tetriores
1107 3413 1216 3467 danaum
1230 3423 1322 3483 raptus
1335 3428 1367 3470 ae
1378 3421 1529 3485 reportatus
1551 3424 1604 3471 cst.
1626 3414 1812 3475 eustatie·

126 3508 198 3565 eirca
212 3508 255 3564 rix
269 3508 426 3574 honoratus,
442 3514 454 3544 t
470 3503 687 3560 numerariorum
701 3516 787 3566 mure,
807 3515 854 3556 seu
868 3514 916 3570 po·
968 3503 1049 3572 tussit
1061 3504 1195 3574 Augustus
1208 3516 1236 3559 ut
1251 3504 1332 3571 epulo
1342 3518 1393 3560 sno
1406 3503 1572 3561 circensibus
1593 3504 1667 3562 ludis
1678 3506 1771 3563 inter·
1796 3530 1812 3547 ·

125 3599 178 3656 tius
196 3600 398 3666 aduocatomm,
423 3611 538 3670 quorum
556 3609 617 3650 curn
637 3593 766 3651 liniuntur
783 3594 914 3662 actiones,
970 3607 1102 3650 essemus.
1124 3603 1136 3633 ⁸
1164 3595 1270 3651 Primus
1292 3593 1399 3666 jacebat
1419 3609 1503 3651 cornu
1530 3595 1643 3652 sinistro
1668 3611 1812 3659 consum

161 3800 270 3870 ⁸Cujus
283 3801 408 3856 uiruirnm
423 3803 539 3870 majores
558 3801 690 3871 publicam
703 3801 803 3856 nnllam
827 3800 914 3870 digni·
965 3814 1008 3855 tna
1023 3801 1084 3855 cod.
1098 3800 1131 3856 dc
1147 3801 1322 3859 Numerarlis.
1338 3802 1411 3859 ldenr
1431 3802 1559 3872 judicium
1571 3802 1607 3858 dc
1620 3802 1812 3875 adruestff.

126 3879 206 3930 tatem
219 3872 371 3953 attigerant,
384 3871 431 3927 sed
444 3873 510 3924 intra
526 3873 729 3940 municipiorum
743 3886 851 3927 suornm
865 3872 913 3925 bu·
966 3871 1133 3940 prulectnrar
1144 3872 1293 3941 utriusque,
1307 3876 1351 3957 qui
1367 3883 1427 3943 post
1441 3874 1558 3929 ollicinm
1567 3874 1707 3944 expletum
1719 3875 1755 3929 dr
1769 3880 1812 3935 Ι

125 3957 207 3998 nores
220 3955 252 3997 ac
271 3957 330 4011 gnra
356 3950 561 3996 eurisenucrant.
587 3941 727 4009 Quomodo
750 3951 776 3996 et
800 3941 912 4010 durgnsti
966 3940 1141 3996 mittebantur
1156 3957 1217 3996 curn
1232 3943 1356 4000 comitiva
1367 3943 1572 4009 niustsrurtsua,
1590 3943 1608 3999 Ι.
1625 3944 1693 4000 8de
1707 3945 1793 4000 sc,

125 4027 203 4068 auum
224 4012 430 4080 municipalibus
447 4014 499 4081 22
522 4013 682 4080 magisteriis
702 4019 858 4065 contentum
874 4011 913 4063 ri·
967 4011 1184 4067 circatisdirers.
1204 4012 1336 4083 jrrdimrm.
1364 4014 1431 4069 Cum
1462 4014 1504 4069 lais
1527 4029 1593 4084 ergo
1619 4014 1812 4075 Poeonlnrn

125 4084 199 4139 sisse
214 4091 304 4137 narrat
318 4081 462 4138 Suetonius
475 4098 535 4149 cap.
545 4083 573 4135 ιι.
588 4083 681 4137 dicero
696 4095 744 4148 pro
758 4079 830 4150 Sylla
844 4097 850 4134 :
864 4078 910 4135 Est
966 4088 1113 4148 comparat,
1128 4083 1173 4151 qni
1189 4082 1354 4152 praiectnrm
1368 4101 1402 4152 qn
1412 4099 1447 4138 ·m
1471 4095 1624 4150 nsrnparat,
1649 4084 1812 4147 cucut-

124 4154 418 4224 eutmipseuumemu
445 4167 534 4221 periere
556 4151 730 4220 nunriicipulis.
758 4150 911 4220 Eodemque
966 4150 1723 4224 loscircaduremtantumnilrrtinistrationisacceperat·
1795 4172 1812 4216 “,

124 4240 216 4291 senisu,
231 4223 292 4293 qnia
319 4225 345 4277 in
368 4220 520 4288 nnmieipiis
543 4219 683 4274 lmnriliura
706 4227 734 4272 ct
756 4219 911 4275 obscuriora
1000 4217 1130 4288 dQuilms
1144 4223 1267 4278 title-licet
1279 4224 1407 4279 refertum
1423 4237 1481 4280 crat
1504 4226 1590 4280 lorum
1618 4226 1812 4289 Arelatee

125 4305 187 4350 sunt
200 4294 301 4357 omnia,
321 4293 502 4360 muitieipalem
517 4289 630 4344 reiciam
649 4289 783 4343 determina
797 4287 910 4345 adtira·
963 4302 1045 4359 se,ut
1070 4292 1182 4346 aliarum
1204 4293 1260 4348 lere
1283 4294 1430 4350 ciuitatum.
1459 4296 1576 4349 luantres
1607 4295 1812 4351 massua-*ri

125 4364 240 4430 tianum,
253 4372 281 4420 et
295 4363 422 4419 Sidonius
436 4360 482 4415 ltlt.
496 4374 533 4427 tt,
551 4360 578 4422 t,
598 4359 766 4426 municipales
786 4367 910 4428 oratores,
964 4361 990 4416 iu
1003 4360 1147 4430 Apologia:
1163 4361 1197 4417 ln
1229 4365 1341 4418 uilicum
1360 4366 1655 4437 usqueprodiere‚circa
1669 4382 1812 4437 reg—

125 4433 153 4487 in
164 4433 283 4489 carmine
297 4434 330 4489 ad
345 4432 463 4490 Felicem
476 4430 644 4502 municipales
657 4438 743 4502 poetas
756 4428 822 4484 dixit
834 4429 911 4501 igno·
963 4432 1148 4487 etiomrtutuus
1163 4381 1340 4491 inextinctum.
1364 4435 1403 4490 Ad
1420 4435 1491 4490 bunc
1506 4450 1569 4490 reru
1588 4450 1691 4491 morem
1714 4457 1769 4485 ι-
1798 4458 1812 4495 e

125 4501 192 4558 biles
206 4503 381 4560 etobscuroe.
963 4502 1082 4557 cttltandi
1096 4518 1125 4557 se
1139 4504 1348 4573 pasteolumnas
1363 4506 1459 4560 alludit
1475 4505 1589 4561 Basilius
1603 4506 1636 4561 de
1652 4507 1770 4563 fener--
1792 4524 1812 4565 r

161 4570 175 4610 b
190 4572 351 4647 blarcelliuni
370 4572 486 4644 patricii,
498 4570 566 4628 delii
590 4569 724 4643 quondam
749 4569 908 4637 familiaris3
966 4573 1068 4626 toribus
1079 4588 1171 4643 agens,
1180 4588 1292 4645 quornm
1305 4590 1444 4630 occursum
1456 4574 1592 4632 declinant
1602 4575 1812 4637 debitor—e

124 4656 205 4710 quern
219 4650 367 4696 auctorest
387 4643 532 4713 Procupins
549 4660 558 4697 ι
578 4641 723 4701 laridalici,
739 4656 810 4696 cuso
832 4643 910 4697 Aetio
924 4617 949 4676 Ῐ)
961 4642 1051 4704 ottus
1084 4647 1182 4705 uiuus
1210 4645 1276 4699 οὕτω
1304 4650 1351 4707 τὰς
1377 4647 1475 4721 πληγὰς
1496 4654 1543 4702 τοῦ
1564 4649 1812 4720 derepente-*n

124 4711 205 4768 relius
218 4711 325 4765 aorisia
342 4712 473 4767 Daittttrlia
485 4712 630 4783 studuisse,
646 4711 844 4782 polettlitttttque
858 4712 910 4767 Silii
961 4715 1107 4785 sinope-iper,
1120 4716 1173 4775 siri
1184 4713 1354 4788 δάνιιζόμινος
1361 4724 1406 4772 τοῦ
1422 4724 1539 4791 χρηστοῦ
1550 4719 1598 4778 τὰς
1609 4722 1812 4791 otsrup=r²r

125 4795 296 4851 corripurasse
324 4781 430 4849 utrique
462 4782 575 4850 imperio
601 4783 807 4837 inrnridabileut.
832 4784 908 4848 Quod
960 4785 1024 4858 πρὸς
1045 4790 1129 4846 uiuum
1151 4791 1190 4840 rut
1209 4794 1316 4856 τοιχους
1335 4789 1501 4853 iracundius
1522 4791 1567 4846 raia
1590 4784 1812 4859 ripariis-,l

124 4850 208 4906 Prisci
233 4850 313 4906 etiam
334 4849 449 4906 rbetoris
472 4859 595 4921 excerpta
609 4854 777 4906 enullrmant.
795 4850 910 4909 interre-
960 4856 1118 4910 Arrrbrosius
1132 4856 1220 4909 Basilii
1243 4857 1391 4912 inuitatiuue
1413 4857 1458 4912 lib.
1470 4856 1504 4912 de
1517 4856 1612 4921 Tabia,
1640 4872 1699 4928 cap.
1787 4856 1809 4910 ⁷

124 4935 205 5045 ‘num
218 4935 293 4986 reru,
309 4936 341 4974 cn
354 4935 385 4975 us
398 4922 566 4975 occasionem
588 4933 682 4978 nactus
695 4922 818 4977 Paeonius
838 4937 908 4991 prae·
959 4923 1011 4978 lile
1033 4940 1132 4991 pressus
1159 4925 1280 4980 delatoris
1303 4928 1416 4998 singulos
1440 4936 1581 4992 irunterut,
1609 4930 1812 4997 aucupatis

136 5002 255 5046 ecturam
270 4990 434 5046 Gallicanam
446 4992 569 5059 arripuit,
582 5007 635 5047 uun
654 5001 714 5061 pust
731 4991 837 5046 Martini
856 5006 908 5047 ccc·
959 4995 1094 5064 deflemus:
1114 4996 1162 5049 iste
1173 4998 1293 5051 continuo
1308 4998 1506 5068 postcolnmnar
1519 5006 1597 5068 ceput
1609 4997 1731 5053 ohmb·
1747 5000 1812 5048 τοι.

124 5062 186 5117 dem
210 5059 256 5127 cni¹
277 5059 371 5116 linitus
391 5075 453 5115 mox
479 5062 617 5128 successit,
632 5062 754 5118 sedante
768 5062 907 5133 blojoriani
1001 5074 1012 5102 ⁸
1033 5066 1127 5133 Operae
1143 5066 1258 5135 pretium
1274 5079 1314 5121 est
1327 5080 1379 5137 qno
1393 5069 1505 5137 quisque
1519 5066 1579 5123 loco
1598 5068 1687 5138 jaceat
1764 5060 1812 5117 ab

124 5129 254 5199 auspicia,
269 5138 459 5200 postereptum
473 5129 553 5187 linito
566 5133 719 5200 imperium.
735 5131 800 5186 Nam
815 5131 908 5198 decern
963 5150 1081 5198 seruare,
1098 5144 1127 5188 ut
1140 5136 1189 5190 lmc
1204 5137 1327 5204 erernplo
1340 5137 1496 5203 doceamur,
1507 5138 1552 5209 qni
1567 5137 1632 5194 olim
1646 5153 1693 5194 ace
1707 5143 1812 5188 σω·

125 5198 385 5271 amplinsmensium
408 5199 457 5255 luit
474 5201 697 5273 interuallum,et
716 5203 821 5258 turbata
842 5202 909 5259 ilici·
963 5204 1044 5260 bendi
1058 5205 1125 5260 ordo
1139 5205 1217 5261 luerit
1229 5209 1256 5260 in
1269 5207 1393 5278 sigmate,
1411 5209 1462 5264 boc
1474 5220 1516 5264 est
1528 5206 1556 5262 in
1576 5209 1692 5265 stibadio
1758 5210 1812 5256 wi

125 5273 208 5328 meris
222 5268 379 5326 lectionibus
392 5269 551 5337 respublica.
964 5274 1034 5330 lecto
1046 5275 1241 5331 semirotundo.
1255 5277 1283 5333 ln
1297 5278 1410 5346 sigmate
1425 5279 1497 5334 eninr
1512 5278 1561 5333 init
1572 5279 1684 5347 epulum
1725 5268 1812 5329 1¹⁸·

161 5353 173 5382 e
189 5343 403 5397 numerariorum
416 5354 511 5394 nrunus
525 5341 640 5410 dignitas
654 5357 706 5398 non
720 5352 773 5409 est,
797 5343 845 5400 sed
869 5343 910 5400 oi·
960 5345 1067 5414 juriani.
1081 5345 1207 5416 Sigmatis
1223 5361 1303 5417 porro
1317 5348 1370 5402 duo
1384 5359 1461 5404 eraut
1472 5358 1593 5404 extrema
1606 5346 1810 5406 retundi·

126 5411 214 5466 lleirrm
231 5411 377 5480 dignitatis.
389 5410 526 5477 Principes
541 5421 629 5466 tannen
644 5414 804 5470 numerariis
823 5415 868 5484 qni
882 5415 908 5469 in
962 5430 1025 5470 nna.
1037 5417 1103 5470 tium
1119 5416 1200 5488 igitur
1226 5419 1252 5472 in
1276 5419 1372 5474 dextro
1394 5419 1501 5475 stibadii
1525 5433 1612 5475 cornu
1640 5410 1812 5476 colw‘²⁸¹

124 5480 213 5535 olticio
227 5480 345 5551 praelecti
361 5490 437 5552 praet.
456 5479 578 5534 militiam
600 5480 632 5536 dc
669 5494 772 5549 nerent,
798 5483 908 5540 borruris
961 5485 1146 5553 llajoriannm,
1162 5476 1812 5554 insinistrocousnlemSeverinum:dul51¹¹l¹¹

126 5553 327 5631 pituritgntiiam
340 5551 525 5606 decreuerunt.
541 5552 580 5606 Ae
596 5549 622 5605 Si
643 5554 696 5607 onii
711 5555 818 5623 quidem
829 5563 907 5610 aetate
960 5555 1013 5626 23
1041 5572 1093 5611 non
1122 5566 1165 5612 est
1184 5558 1247 5627 quin
1277 5558 1379 5624 primus
1406 5558 1453 5614 ille
1482 5559 1556 5615 loeus
1583 5559 1707 5617 babitus
1770 5550 1812 5594 ¹¹¹

125 5619 223 5672 tribum
240 5620 393 5686 pra-turiani
422 5620 533 5683 tiebant:
554 5631 644 5689 postca
668 5638 732 5678 rcro
752 5626 907 5678 dunestanus
960 5642 1038 5695 ipucm
1062 5636 1174 5696 ucenpat
1201 5629 1357 5696 imperator,
1384 5628 1521 5696 prusinms
1544 5643 1626 5699 quum
1649 5608 1812 5697 conr‘ffl'·

124 5689 192 5753 Aug.
206 5705 253 5744 eus
268 5691 368 5748 bonore
381 5693 511 5748 cotttitittu
526 5692 661 5760 dignitatis
679 5694 793 5758 ornarit,
812 5694 830 5748 l.
845 5695 908 5750 ulti·
960 5701 1051 5762 bcque
1068 5697 1096 5752 iu
1110 5698 1150 5752 iris
1166 5701 1261 5763 opinor
1276 5708 1316 5754 cst
1330 5699 1398 5770 quud
1411 5701 1551 5756 truitcurur.
1570 5698 1747 5759 iliduoess¹
1755 5692 1812 5730 “¹¹''
