3788 6120
128 282 167 339 lb
825 278 993 338 aristote
1013 278 1070 335 xil.
1730 277 1766 334 bb

129 398 259 452 licciesiar
284 412 466 465 pervasorem,
495 407 522 452 et
541 398 575 453 nb
599 397 650 450 ituc
670 394 731 465 jore
755 395 921 462 damaratum,
935 404 960 462 Α
975 393 1078 465 sumus)
1093 395 1120 449 itt
1133 394 1222 464 aliqua
1245 393 1373 463 religione
1396 394 1484 468 [torte
1498 393 1617 467 cepione]
1640 394 1765 464 antinous

127 491 192 558 quia
210 488 300 542 moliri
314 488 436 558 praetant
452 489 538 543 latens
553 489 579 542 in
593 486 772 542 Alexandrina
789 486 869 558 (sicut
887 485 921 540 ati

127 594 179 632 nos
200 583 330 647 scriptum
355 577 407 646 est)
423 579 532 632 civitate
551 590 643 632 ctrntra
664 575 721 631 nee
739 590 828 644 ortana
848 575 922 631 tnbis

127 677 194 722 stant
221 676 331 731 statum,
361 680 544 734 memoratur,
564 666 598 722 ati
621 667 755 722 exteriora
782 665 921 722 transferri

127 759 254 829 piissima
277 761 456 829 preceptione
477 759 605 828 iubearis,
631 774 665 815 ne
687 760 791 830 aliquas
809 760 922 814 modice

127 851 195 906 littei
211 851 291 920 (cuod
306 850 395 908 iacere
417 851 585 922 perhibetur)
600 850 711 920 inliciat,
722 860 750 907 et
763 851 796 906 ad
812 866 922 920 perrer-

126 943 222 997 sitatis
233 957 290 998 sue
305 943 483 998 instrumenta
505 944 636 997 tradncat.
654 942 745 1014 Longe
757 943 812 997 sint
827 944 860 999 ab
884 943 922 996 in·

126 1033 291 1089 nocentibus
303 1034 452 1103 perniciosa
465 1033 600 1102 contagia,
616 1044 646 1088 ιιι
662 1049 708 1102 per
724 1049 771 1087 vus
786 1033 855 1088 intra
871 1033 922 1086 iln-

126 1125 197 1178 uti÷i
220 1125 309 1194 gregis
330 1125 401 1180 nuile
425 1125 458 1179 sit
481 1124 634 1189 sinceritas,
654 1140 733 1195 quam
751 1125 807 1179 stin
831 1135 922 1179 tenere

125 1225 220 1287 potest
234 1216 381 1288 imperialis
395 1218 553 1273 auctoritas.

412 1329 578 1387 aristone
599 1329 645 1385 lli.

317 1440 440 1481 silencii
460 1442 533 1482 PAPAE
552 1443 585 1482 ΑΙ)
605 1441 727 1483 ecxctlttt.

124 1512 226 1568 Scribit
241 1513 404 1570 Timotheum
424 1517 587 1570 Alexandria
599 1519 753 1571 catltolicttm
772 1520 921 1588 episcopum

160 1602 178 1637 a
191 1603 220 1640 se
233 1588 329 1640 ueniam
341 1588 451 1654 petiisse,
466 1589 534 1655 pttod
546 1587 661 1642 Dioscuri
673 1602 765 1642 rtantea
780 1594 845 1643 inter
855 1593 923 1643 alta·

161 1656 202 1707 ria
218 1658 306 1710 timore
330 1659 421 1711 ductus
443 1659 582 1723 recitasset,
604 1673 627 1713 et
641 1675 669 1712 se
686 1663 720 1712 ad
741 1660 922 1726 imperatorem

162 1724 263 1780 litteras
275 1728 376 1781 dedisse
388 1738 415 1780 ut
428 1727 534 1783 Petrum
544 1728 617 1783 dicte
630 1727 750 1783 Ecclesia
761 1732 920 1800 perturbato·

161 1812 217 1849 rem
231 1799 323 1867 praem
336 1808 431 1852 arceat.

122 1886 283 1959 Siropiieius
313 1890 456 1960 episcopus
490 1891 588 1972 acacio
619 1891 921 1961 constantinopolitano

458 1976 597 2030 episcopo.

162 2049 284 2117 Quantos
295 2062 323 2106 et
345 2066 425 2121 ortam
440 2051 537 2108 uberes
553 2055 655 2110 tructus
670 2057 828 2111 constantin
848 2057 920 2128 ildei,

122 2149 154 2194 et
167 2141 326 2196 det-utarttm
341 2144 413 2198 cirea
438 2144 595 2213 religionem
616 2146 775 2203 catbolicatn
791 2149 920 2206 mentitmt

122 2248 234 2302 semper
250 2236 347 2291 balteat
360 2237 499 2304 tortitudo,
513 2241 588 2296 labor
604 2251 655 2297 tuae
669 2243 820 2299 dilectionis
834 2255 862 2302 et
873 2263 921 2305 eo·

122 2337 185 2374 rum
209 2323 255 2392 nni
270 2326 371 2393 pariter
385 2339 495 2396 repente
510 2328 618 2386 diabolo
636 2331 792 2401 jamdudum
809 2337 919 2393 tnrbnn·

123 2423 178 2475 ιιι,
204 2416 334 2471 ostendit.
358 2417 423 2473 liatn
448 2434 508 2475 cnm
531 2421 632 2476 tibristi
648 2423 771 2479 inimicus
792 2434 820 2481 et
845 2428 921 2498 regni

121 2506 269 2562 Christiani
292 2523 400 2580 ertttpur·
425 2513 514 2568 aulam
540 2532 601 2570 tnux
627 2532 740 2574 casurus
762 2520 919 2589 invaderet,

123 2615 207 2672 atoue
230 2608 312 2675 impia
325 2611 514 2677 persecutione
530 2611 621 2667 licioles
636 2614 740 2669 Domini
763 2616 921 2689 plebemque

121 2707 292 2762 concuteret,
308 2700 428 2755 oratione
451 2713 531 2771 attpne
554 2702 653 2765 vigitiis
677 2707 808 2776 sacrilega
836 2720 922 2764 tentas

122 2795 216 2841 ment-t
238 2790 392 2858 superarit,
413 2802 439 2845 et
458 2808 488 2847 se
511 2795 620 2848 uictoria
645 2796 765 2851 caelestis
779 2815 812 2855 uo
836 2814 921 2870 uentre

123 2882 257 2948 porrexit,
273 2891 303 2936 ut
325 2897 449 2954 regressu
463 2886 658 2954 religiosissimi
674 2891 813 2959 prinnini,
828 2893 921 2948 Eccle-

122 2971 173 3025 siae
186 2986 292 3043 quoque
305 2974 495 3033 alexandrine
510 2980 659 3035 ratbolictts
675 2982 836 3039 redderetur
848 2988 918 3042 anti·

121 3069 194 3127 stes,
217 3061 252 3117 de
274 3078 403 3134 quantor
421 3082 484 3122 cum
507 3071 685 3127 exsultatione
706 3073 805 3130 divine
825 3079 919 3147 gratim

121 3154 222 3222 gaudia
236 3165 327 3211 nostra
343 3160 516 3224 contulimus,
529 3170 557 3215 et
571 3165 670 3217 mutuis
684 3181 733 3220 nos
745 3167 840 3222 litteris
853 3169 916 3225 ieci·
931 3157 954 3220 C

121 3260 187 3298 ruas
201 3246 339 3314 gratulari.
354 3248 389 3305 Et
411 3251 475 3307 icet
501 3253 600 3309 letitie
625 3254 698 3324 psius
717 3273 853 3327 nunquam
875 3264 917 3320 sni

121 3335 243 3393 deluerit
253 3340 400 3408 plenitudo,
410 3351 499 3398 tamen
512 3345 595 3399 irater
605 3354 633 3399 et
643 3347 818 3419 coepiscopus
828 3367 919 3408 noster

122 3422 283 3486 'iimotltcns
296 3434 483 3499 persecutione
505 3435 668 3502 probabilior
692 3436 788 3507 iactus,
813 3442 918 3506 pristini

124 3539 181 3578 nou
202 3523 343 3579 itnmetttor
358 3527 470 3582 instituti
492 3542 539 3597 per
558 3528 667 3584 fratrem
682 3540 710 3585 ct
731 3534 917 3605 coepiscopum

123 3614 231 3680 isaiam,
244 3626 272 3670 et
285 3617 355 3673 biios
369 3632 476 3675 nostros
489 3620 577 3675 iillum
593 3622 790 3694 presbyterum,
803 3634 831 3682 et
850 3627 919 3685 ilar·

125 3711 225 3777 tyrium
250 3713 390 3768 diaconum
415 3714 603 3775 alexandrine
635 3722 918 3780 ceclesiasticorum

122 3798 224 3868 seripn
238 3803 346 3870 direxit,
362 3805 457 3875 quibus
472 3816 499 3863 et
515 3808 580 3865 illttd
596 3812 666 3882 quod
681 3827 744 3872 ante
759 3816 918 3885 perterritus

121 3893 159 3947 de
173 3892 292 3950 Dioscuri
305 3897 412 3952 nomine
425 3897 534 3965 iecerat,
560 3917 590 3957 se
602 3902 769 3961 destmrisse
783 3921 917 3962 memora·

122 3988 174 4053 vit,
189 3996 218 4042 et
230 3989 413 4047 remissionem
429 3994 511 4062 ipsius
521 3997 623 4052 erroris
636 3999 756 4069 expetiit,
769 4015 871 4070 uosque
883 3998 917 4055 de

122 4079 216 4147 quiete
238 4080 298 4134 tecit
323 4080 451 4138 scatente
472 4085 614 4154 graulari,
645 4102 772 4160 expertus
796 4106 859 4162 erga
887 4106 918 4148 se

122 4179 254 4239 guantnm
268 4172 407 4230 uobiscum
422 4184 467 4231 tua
482 4181 583 4235 caritas
593 4181 675 4250 ridet,
687 4184 757 4252 quod
771 4186 796 4239 in
811 4200 844 4241 eo
855 4195 917 4240 tnnc

122 4265 349 4333 reprebendimus
372 4282 426 4322 non
450 4270 562 4327 inultum
588 4283 615 4329 et
634 4277 834 4331 reconciliatum
853 4277 915 4346 sibi,

123 4370 199 4411 nunc
212 4355 311 4413 divine
324 4359 504 4418 miserationis
515 4363 653 4431 allectum,
673 4366 755 4423 irater
767 4369 917 4434 carissime,

122 4448 282 4503 memoratis
296 4452 324 4504 ln
347 4447 424 4518 urbe,
439 4467 500 4524 que
524 4470 586 4510 mox
608 4469 748 4526 venerant,
765 4460 917 4518 constitutis

974 486 1020 542 iiie
1043 499 1155 556 serpens
1180 484 1259 542 toties
1278 484 1361 541 excisi
1376 487 1472 556 eapitis
1493 489 1566 542 tirus
1580 486 1713 553 eiinndat,
1737 496 1766 544 et

973 577 1113 634 iuilcieudi
1126 578 1230 648 aliquos
1245 577 1414 633 occasionem
1432 578 1515 648 (quod
1527 580 1607 649 absit)
1622 593 1715 635 rurstts
1727 577 1767 634 iu·

973 671 1073 734 veniat,
1085 670 1194 740 provida
1207 678 1402 740 preceptorum
1413 685 1468 724 suae
1480 671 1584 736 pietatis
1595 671 1766 726 ordinatione

973 761 1098 829 disponat
1120 759 1266 830 religiosis,
1291 771 1318 814 et
1341 760 1411 815 sicut
1432 759 1584 816 evidentius
1607 760 1766 830 approbarit
1845 801 1850 817 t

976 852 1040 919 beo,
1060 865 1089 905 se
1108 848 1353 905 commendantibus
1370 849 1474 920 iegibtts
1493 851 1606 917 sanciat,
1630 865 1663 906 ne
1676 854 1717 907 ttei
1738 852 1766 905 in

975 941 1090 996 tertebrit
1103 939 1270 1006 delitescant,
1284 950 1312 995 et
1332 942 1467 1012 improvisi
1482 943 1649 997 antonianus
1664 945 1691 997 in
1706 943 1766 998 lnce

974 1034 1131 1100 percutiant,
1147 1041 1174 1086 et
1189 1031 1229 1087 bis
1242 1047 1309 1102 unus
1325 1033 1352 1086 in
1367 1032 1418 1087 tide
1435 1047 1565 1103 pauperes
1579 1049 1640 1089 esse
1656 1049 1721 1101 repe
1735 1048 1766 1088 c‘·

974 1125 1027 1178 rint
1047 1126 1130 1195 (quoi
1153 1125 1281 1195 propbeta
1307 1126 1430 1196 testatur)
1453 1127 1594 1182 insidietur
1615 1134 1644 1181 ut
1668 1129 1763 1194 rapiat.

974 1216 1081 1271 i’etrunt
1102 1218 1227 1280 tttaxime,
1243 1217 1287 1287 qui
1304 1220 1491 1274 nottnuiiarum
1506 1219 1658 1285 domorum,
1670 1220 1766 1289 suique

974 1309 1100 1364 similium
1117 1310 1226 1366 latebris
1241 1311 1413 1378 coniunctum
1436 1320 1463 1368 et
1475 1328 1556 1383 quem
1571 1313 1628 1368 zelo
1648 1312 1710 1369 bdei
1730 1314 1767 1370 ab

973 1404 1127 1472 episcopatu
1141 1407 1279 1461 eottstituit
1296 1407 1461 1473 submoveri,
1477 1407 1503 1461 in
1519 1408 1666 1465 exteriores
1680 1418 1766 1466 terras

972 1494 1063 1563 abjici,
1079 1496 1148 1551 sieut
1162 1507 1189 1552 et
1202 1511 1251 1552 nos
1266 1498 1358 1566 pietati
1372 1499 1431 1569 ejus
1448 1500 1616 1568 scripsimus,
1631 1499 1663 1554 ad
1679 1501 1765 1557 eecle-

973 1586 1107 1643 siasticam
1120 1605 1210 1659 pacem
1225 1592 1335 1661 speciali
1351 1593 1531 1663 preceptione
1543 1594 1686 1650 decernat:
1701 1597 1764 1665 qnia

974 1693 1066 1736 rursus
1090 1684 1219 1738 asseritur
1239 1684 1326 1753 aliptta
1356 1695 1448 1740 cotnra
1475 1685 1677 1754 dispositionem
1703 1686 1764 1744 idel

936 1781 958 1842 Β
974 1777 1056 1846 ipsius
1071 1779 1128 1833 sine
1142 1778 1292 1834 cessatione
1308 1778 1404 1834 moliri.
1420 1780 1487 1847 Qttia
1501 1779 1580 1850 igitur
1595 1781 1652 1835 burc
1664 1794 1764 1851 oppore

974 1872 1085 1925 tttnita'e
1100 1871 1239 1939 perlatoris
1253 1871 1376 1926 iidissimi
1392 1886 1440 1925 rtns
1455 1872 1574 1942 oportuit
1595 1872 1724 1937 indicare,
1736 1882 1765 1929 et

972 1962 1115 2030 specialius
1136 1963 1292 2032 admonere,
1309 1963 1447 2020 hortamur
1462 1975 1490 2020 ut
1505 1980 1564 2019 cuttt
1585 1965 1765 2021 internuntius

972 2069 1092 2111 remeare
1106 2057 1229 2125 coeperit,
1244 2056 1285 2112 vel
1307 2057 1329 2113 si
1353 2072 1404 2128 qua
1426 2057 1538 2113 iorsitan
1557 2060 1644 2113 altera
1658 2060 1764 2114 occasio

973 2148 1131 2214 reperietur,
1146 2148 1341 2219 quamprimum
1359 2164 1408 2205 nos
1421 2149 1504 2204 iacias
1517 2151 1657 2219 certiores,
1673 2160 1699 2207 et
1717 2167 1765 2206 ctt·

972 2252 1029 2293 ratu
1042 2252 1160 2292 nostram
1170 2239 1311 2294 sublevare
1321 2239 1535 2310 deproperes.Ut
1547 2249 1635 2296 antmn
1648 2241 1764 2309 perlecto

971 2329 1068 2400 gaudio
1078 2330 1266 2402 gauderemus,
1279 2331 1348 2387 idem
1362 2331 1444 2385 irater
1453 2340 1480 2387 et
1489 2332 1663 2401 coepiscopus
1674 2340 1764 2388 noster

971 2422 1128 2478 'iintotbens
1156 2423 1308 2492 exemplum
1336 2423 1418 2479 libelli
1445 2423 1635 2478 satisiactionis
1669 2438 1762 2479 eorum

971 2530 1038 2586 quus
1059 2515 1230 2571 scariotico
1245 2515 1305 2571 ildei
1329 2521 1441 2571 veritate
1457 2515 1614 2591 Timotheus
1627 2527 1654 2570 et
1670 2515 1764 2570 Petrus

972 2610 1077 2679 utrique
1097 2609 1227 2674 damnati,
1242 2608 1423 2664 damnationis
1448 2619 1550 2662 terrore
1571 2606 1762 2674 traduxerant,

970 2704 1074 2756 veniam
1090 2700 1266 2770 postulantes,
1277 2701 1310 2755 ad
1332 2715 1381 2755 tros
1392 2701 1492 2771 pariter
1504 2702 1658 2765 destinarit,
1672 2715 1762 2757 sacer·

971 2794 1051 2850 dotali
1069 2795 1166 2862 pictate
1181 2794 1263 2862 lapsis
1283 2794 1426 2850 subuenire
1440 2792 1595 2848 desiderans
1609 2812 1614 2846 :
1630 2794 1700 2865 quoti
1721 2792 1762 2850 di-

971 2887 1039 2940 vinae
1053 2885 1232 2940 miserationis
1247 2885 1356 2952 itttnitu,
1371 2900 1430 2955 qaum
1442 2886 1576 2939 ttntrtinem
1589 2884 1642 2940 ruit
1661 2885 1762 2956 perire,

971 2978 1111 3033 relntabile
1126 2994 1180 3033 non
1197 2992 1331 3049 putamus.

1238 3113 1405 3171 emisione
1425 3115 1495 3169 xiii.

1054 3221 1175 3261 simplicii
1194 3222 1267 3261 PAPAE
1287 3223 1320 3260 ab
1339 3221 1460 3261 zenonem
1481 3221 1678 3261 impensionem

971 3295 1097 3350 liurtatur
1127 3305 1154 3350 ut
1180 3295 1336 3350 Tintotltettm
1361 3296 1544 3350 Alexandriam
1570 3295 1691 3350 Ecclesiae
1713 3313 1760 3352 etta

1005 3383 1083 3450 opero
1101 3368 1245 3449 ¹restitutum
1266 3376 1392 3437 protegat,
1417 3377 1441 3449 et
1464 3375 1491 3419 ut
1515 3366 1621 3450 Pctrpm
1646 3368 1760 3434 ejusdcm
1806 3415 1808 3418 .

1008 3437 1130 3492 noctem
1143 3440 1341 3507 perturbatorem
1356 3437 1457 3505 inaptus
1471 3436 1564 3505 expulit
1570 3438 1669 3508 puteat.

1083 3531 1236 3600 Simplicius
1248 3532 1390 3600 episcopus
1406 3531 1505 3584 Zenoni
1520 3531 1650 3601 Angusto.
1754 3587 1757 3593 ,

1006 3620 1130 3676 Proxime
1142 3620 1249 3691 quidem
1260 3636 1320 3673 eum
1332 3620 1364 3674 ad
1381 3620 1478 3676 Urbem
1489 3619 1571 3674 irater
1582 3630 1609 3677 et
1623 3622 1760 3690 coepisco-

969 3729 1019 3784 pos
1030 3703 1223 3769 mediocritatis
1237 3729 1303 3794 meae
1316 3712 1474 3768 Tintntbeus
1487 3712 1675 3769 blexantlrinae
1688 3712 1761 3769 urbis

968 3807 1079 3862 antistes
1094 3815 1192 3862 notato
1206 3822 1282 3863 more
1295 3808 1422 3863 misisset.
1437 3808 1576 3863 victoriam
1591 3818 1688 3864 testam
1699 3807 1761 3864 idei

969 3898 997 3953 in
1007 3897 1065 3965 eius
1076 3898 1245 3953 restitutione
1255 3905 1379 3965 cogunt.
1390 3898 1493 3956 Pietate
1506 3901 1576 3954 enim
1593 3913 1680 3955 restra
1696 3900 1760 3956 inita

970 3994 1121 4050 ilicinitatis
1135 3994 1243 4061 attxiiio,
1260 4004 1287 4048 et
1302 3995 1405 4062 imperii
1421 3997 1652 4060 tranquillinam
1667 3996 1761 4050 catbo·

969 4086 1029 4141 lice
1041 4087 1178 4158 religionis
1201 4085 1369 4154 splendorem
1383 4100 1471 4154 saum,
1489 4084 1674 4141 scandalorum
1690 4088 1760 4142 nate

969 4178 1099 4240 discttssa,
1116 4178 1216 4246 recepit
1238 4177 1374 4247 integritas
1392 4192 1398 4230 ε
1413 4176 1448 4230 de
1463 4190 1516 4246 quo
1532 4192 1573 4230 me
1586 4178 1686 4245 gratias
1701 4185 1761 4246 poet

971 4272 1053 4327 ileum
1067 4271 1217 4327 clementie
1236 4279 1333 4325 vestrae
1348 4270 1433 4340 egisse
1458 4269 1626 4335 reminiscor,
1643 4278 1669 4324 et
1690 4279 1761 4324 nnnc

970 4379 1077 4435 qttoqtte
1088 4365 1187 4419 cultum
1209 4373 1299 4418 restro
1314 4375 1396 4432 regno
1408 4360 1523 4416 debitunt
1538 4361 1620 4416 silere
1634 4376 1688 4414 nun
1715 4375 1762 4430 po·

971 4458 1019 4523 tui,
1034 4472 1067 4512 ne
1082 4455 1279 4526 quodammodo
1293 4454 1397 4509 viderer
1410 4454 1541 4522 ingratus,
1568 4452 1591 4507 si
1605 4453 1681 4507 robis
1695 4467 1761 4523 qna·

121 4539 292 4594 occasionem
308 4542 354 4596 iiiii
368 4547 451 4600 nostri
465 4546 548 4612 i‘etri,
560 4549 608 4604 riri
625 4552 779 4620 spectantis
798 4556 914 4624 comitis,
932 4535 958 4598 D
972 4548 1035 4603 libet
1046 4547 1246 4615 opportunitate
1260 4546 1300 4598 rel
1325 4544 1429 4613 imperii
1445 4544 1485 4598 vel
1510 4542 1689 4599 Ecclesiarum
1703 4543 1761 4599 lau·

123 4631 201 4700 euasi
214 4647 248 4686 er
261 4635 392 4688 sententia
407 4637 602 4704 proficiscentis
617 4642 745 4712 amplexi,
757 4653 810 4698 tarn
823 4655 916 4701 nostro

125 4725 273 4791 proposito,
288 4739 368 4794 quam
384 4728 512 4796 petitione
525 4729 613 4786 iratris
627 4740 655 4787 et
665 4735 815 4803 coepiscopi
832 4735 915 4792 nostri

125 4813 271 4880 Timntltei,
285 4815 487 4891 legationumque
500 4822 581 4894 ipsius
595 4826 730 4893 precibus,
746 4828 859 4896 idipsum
880 4827 913 4882 ad

124 4913 198 4958 tuam
222 4905 353 4962 rolnintns
376 4910 517 4979 pervenire
541 4914 674 4979 notitiam,
691 4926 718 4970 ut
741 4919 820 4971 etiam
845 4933 915 4974 nunc

123 4997 305 5050 ennttttunium
330 4996 408 5053 fleres
431 5000 564 5070 particeps
578 5003 743 5072 gaudiortun,
760 5015 788 5062 el
802 5008 827 5061 in
844 5022 914 5077 ptae·

121 5085 203 5140 dicte
222 5086 348 5144 Ecclesiae
373 5091 565 5161 tranquilline
590 5095 826 5165 (quemadmodum
848 5098 916 5154 diri·

122 5179 203 5246 otus)
228 5179 327 5237 laboris
351 5185 387 5237 tui
412 5185 550 5241 nobiscum
574 5203 701 5257 carperes
727 5187 861 5256 fructum,
889 5199 917 5246 et

121 5272 346 5331 christianissimo
361 5288 388 5333 et
402 5281 609 5338 dementissimo
625 5284 736 5354 principi
757 5297 861 5341 nostras
875 5288 918 5344 lit·

122 5373 195 5417 teras
210 5364 337 5433 offerens,
350 5384 431 5438 snper
446 5369 496 5425 ine
510 5375 589 5426 etiam
606 5389 644 5440 rc,
660 5384 689 5429 ut
702 5384 729 5430 et
742 5376 799 5446 ipse
811 5392 916 5446 quoque

120 5458 274 5514 denotionis
297 5473 324 5519 et
353 5463 414 5519 ildei
439 5465 554 5535 proprie
582 5467 670 5531 donis,
692 5483 723 5523 se
750 5469 805 5524 [teo
828 5471 917 5540 prote·

121 5560 214 5621 gente,
231 5552 346 5617 tentor,
361 5565 440 5625 atntte
461 5555 602 5614 insistente
616 5558 728 5614 caritate
748 5567 792 5614 tna
807 5562 918 5618 acriori·

122 5644 175 5698 itns
187 5645 283 5720 sttrtltis
296 5648 435 5703 catholicae
451 5649 586 5720 religionis
599 5652 724 5707 salutaria
740 5654 840 5724 scripta
854 5656 917 5710 mit·

122 5737 206 5793 murlo
226 5738 331 5795 trtunire
351 5739 475 5812 dignetur
496 5740 641 5813 Ecclesiae,
664 5758 698 5800 ne
715 5743 796 5814 (sieut
809 5746 915 5813 experti

970 4640 1035 4694 dare
1050 4637 1207 4692 desisterem
1224 4645 1263 4690 tut
1278 4635 1438 4704 triumpbos.
1458 4635 1595 4690 Exbibens
1608 4648 1672 4704 ergo
1687 4633 1760 4689 debi-

970 4740 1004 4784 ιιι
1018 4726 1197 4783 uenerationis
1210 4725 1338 4793 elicium,
1363 4741 1456 4793 precor
1477 4735 1506 4781 ut
1529 4724 1675 4782 studiosius
1689 4724 1760 4780 cirea

969 4823 1110 4878 universos
1133 4829 1214 4877 rectae
1238 4819 1300 4875 iidei
1323 4821 1486 4886 sacerdotes,
1511 4828 1539 4874 et
1562 4818 1678 4874 maxime
1691 4816 1761 4874 cirea

968 4913 1179 4969 Alexandrinum
1194 4912 1361 4981 episcopum,
1377 4911 1453 4980 cujus
1466 4909 1622 4972 certaminis
1635 4918 1663 4964 et
1678 4918 1761 4964 testes

968 5005 1055 5060 iniistis
1070 5016 1094 5060 et
1113 5004 1228 5074 judiees,
1244 5003 1419 5073 protectlottis
1442 5000 1600 5070 impendatis
1616 5001 1759 5064 auxilium,

967 5108 994 5152 et
1005 5098 1155 5153 decernatis
1167 5095 1295 5167 piissimis
1305 5095 1456 5150 constitutis
1469 5094 1574 5149 Petrum
1590 5093 1662 5148 sedis
1677 5091 1761 5159 ipsius

969 5206 1138 5262 pervasorem
1155 5190 1208 5259 (cui
1230 5203 1279 5244 nec
1304 5189 1329 5242 itt
1352 5187 1491 5243 diaconatu
1507 5201 1571 5240 snus
1592 5184 1678 5254 potuit
1691 5183 1758 5236 ordo

970 5280 1105 5353 constare)
1120 5256 1223 5353 longius
1238 5296 1253 5335 a
1269 5288 1322 5334 tam
1346 5280 1473 5349 preclaro
1497 5278 1604 5341 ciuitate
1627 5274 1758 5344 relegari,

971 5390 1005 5430 ne
1028 5373 1191 5429 infirmiores
1215 5371 1296 5444 [iorte
1319 5368 1478 5440 infirmioris]
1492 5368 1552 5422 bdei
1566 5365 1670 5434 aliquos
1690 5363 1758 5418 iurte

970 5465 1091 5529 seducat,
1105 5471 1133 5518 et
1149 5462 1177 5518 in
1191 5462 1284 5518 eadem
1300 5462 1418 5517 Ecclesia
1442 5457 1525 5532 (quod
1540 5456 1622 5525 absit)
1642 5469 1703 5525 que
1715 5467 1759 5509 so-

972 5557 1048 5628 pistis
1067 5556 1192 5612 scandala
1213 5569 1303 5610 rursus
1316 5555 1441 5624 exagitet.
1456 5549 1592 5606 i’robastis
1605 5551 1631 5604 in
1645 5560 1760 5619 corpore

970 5649 1044 5705 ilium
1060 5647 1135 5703 robis
1150 5647 1267 5702 dextere
1281 5659 1337 5701 suae
1360 5642 1467 5699 dedisse
1483 5641 1649 5718 presidium,
1666 5638 1709 5710 qui
1726 5636 1759 5691 ad

970 5745 1051 5800 totius
1063 5740 1136 5799 orbis
1150 5739 1287 5810 gaudium.
1300 5748 1328 5795 et
1352 5737 1378 5793 itt
1394 5720 1521 5808 [inoffici
1536 5733 1693 5791 uniuersalis
1712 5746 1758 5786 er·
