3788 6120
121 329 169 386 tat
748 321 870 379 stoodtt
890 318 1113 379 rlPOLLlh'hlllS
1687 304 1746 363 552

121 454 181 495 cum
196 439 280 496 tatrim
293 438 376 509 possit
394 438 516 504 exiguam
536 437 558 489 si
579 451 681 490 maram
708 436 807 502 patitur
830 432 904 502 quid·
917 437 940 491 rt
955 447 1033 500 quam
1044 434 1130 502 palam
1146 433 1259 500 prrnlito.
1272 432 1436 500 strepituque
1456 427 1583 495 despecta
1602 423 1686 479 turha
1700 425 1736 480 ln·

121 532 183 598 quid
199 537 308 600 propter
331 527 541 582 ruisricardiaur
563 535 733 582 concesserat
752 525 813 595 pio,
833 523 904 593 justa
955 525 1047 590 rantis,
1071 524 1149 593 jactis·
1167 532 1276 593 repente
1299 523 1421 579 manibus
1443 529 1598 586 arreptum,
1621 517 1741 586 nihilque

121 624 238 694 repascit
252 629 361 691 propter
374 619 509 686 injuriam.
529 618 602 673 Vale.
958 623 1013 669 tum
1028 613 1115 670 minus
1128 629 1208 684 quarn
1218 627 1278 683 ana
1288 613 1435 683 agebantur
1445 619 1583 679 optantem
1597 609 1740 680 suspiran-

379 708 543 766 tetstota
563 707 645 763 txt.
958 716 1075 774 temque,
1089 716 1210 761 sanctum
1224 704 1373 770 laurinum,
1389 703 1475 757 virum
1491 700 1650 766 haonstate,
1668 714 1742 753 nuo·

286 801 429 857 Sidonius·
442 798 568 854 Domnulo
582 814 628 852 rao
638 797 757 852 salutern.
955 795 1096 850 suetudine
1110 795 1239 863 insignem
1255 793 1351 862 (lectar
1365 792 1409 846 hic
1423 793 1536 860 primurn
1547 832 1555 851 ,
1568 790 1608 844 sic
1620 788 1744 843 tuiuistet·

155 892 264 960 Nequeo
275 891 393 959 didone,
410 892 472 958 qrrin
487 888 593 959 grandis
606 889 794 942 commuuione
807 895 833 939 te
843 899 907 951 gao-
955 883 1058 947 altaris,
1071 883 1152 953 idque
1165 883 1199 936 ab
1211 881 1339 944 infantia:
1361 889 1420 949 past
1440 879 1560 933 labarum
1579 888 1744 944 temporum

123 985 158 1038 dii
174 982 286 1039 festinus
301 983 451 1050 impertiam
468 999 474 1034 :
490 979 616 1035 nimirum
635 992 717 1034 nasse
736 978 905 1044 crrpieutern,
956 988 1008 1039 quir
1023 986 1159 1042 proces-rr,
1176 969 1393 1034 archidiaearrus3
1410 973 1435 1022 in
1450 982 1501 1034 qua
1516 983 1562 1022 aru
1576 965 1660 1036 gradu
1674 1004 1683 1032 ,
1697 980 1744 1019 seu

123 1074 186 1141 qnid
200 1085 275 1140 pater
288 1081 380 1125 noster
389 1070 416 1125 in
431 1068 547 1137 Christo,
561 1069 658 1139 pariter
673 1078 700 1122 et
713 1067 832 1136 pontilex
852 1069 902 1121 l'a·
957 1063 1104 1118 ministeria
1117 1061 1230 1116 multum
1243 1069 1363 1116 retentos
1376 1069 1486 1128 propter
1504 1057 1679 1121 industriam,
1700 1055 1745 1111 diu

125 1161 230 1227 tiens,b
246 1161 411 1218 cabillonum
423 1160 567 1228 proiectus,
583 1174 657 1214 mare
671 1158 908 1228 renuntiauere
957 1155 1085 1223 dignitate
1097 1169 1151 1209 aaa
1165 1153 1250 1221 patuit
1264 1152 1366 1222 augeri,
1381 1165 1413 1205 ne
1434 1158 1568 1220 potestate
1592 1153 1687 1216 posset
1699 1144 1745 1199 ab·

124 1252 280 1308 catastarrtiae
303 1267 358 1304 sna
376 1250 479 1305 lecerit.
503 1250 569 1303 Cunr
592 1251 710 1305 tentaret
732 1249 758 1304 irr
781 1248 907 1318 oppidana
957 1247 1047 1316 ratri),
1061 1255 1177 1301 attamen
1193 1245 1264 1298 bunc
1280 1255 1292 1283 ι
1306 1243 1361 1311 iam
1376 1240 1485 1297 secandi
1506 1239 1609 1295 ordinis
1622 1236 1746 1293 sacerdo

123 1344 352 1413 suprascriptum,
379 1340 579 1407 prorirtcialiuru
614 1328 782 1394 sacerdotnm
809 1337 909 1408 praevia
959 1351 1023 1407 tent,
1040 1339 1163 1394 dissonas
1178 1338 1249 1393 inter
1263 1335 1377 1404 partiunt
1391 1347 1481 1398 vaces.
1501 1347 1562 1403 quae
1583 1329 1746 1386 differebant

125 1433 232 1503 partim,
249 1430 344 1501 partlm
358 1431 501 1486 coartans
514 1431 639 1500 collegia,
654 1429 757 1486 scilicet
770 1439 801 1485 ιιι
823 1431 910 1486 mnni-
959 1429 1067 1483 laudare
1085 1443 1138 1482 uon
1156 1426 1335 1492 ambientem,
1354 1423 1402 1479 seri
1421 1439 1470 1479 nec
1486 1423 1621 1478 audebant
1639 1421 1747 1491 culpare

125 1525 196 1596 cipio
210 1539 331 1580 sommus
341 1524 436 1593 aliquis
447 1527 558 1578 antistes
568 1523 737 1578 ordinaretur
752 1541 758 1576 :
774 1523 852 1589 cuius
864 1538 910 1578 cc·
960 1520 1136 1585 larrd.rhilem;
1163 1517 1334 1598 stnpeptihus
1360 1515 1501 1583 laetioris,
1526 1513 1748 1570 erubescentibus

125 1618 214 1673 clesiae
225 1616 364 1686 disciplina
379 1619 497 1681 irritabat,
515 1625 653 1686 postquam
664 1615 755 1685 junior
768 1615 910 1685 episcopus
960 1614 1047 1679 stratis,
1058 1610 1266 1679 acclamantibus
1291 1609 1385 1674 bonis,
1411 1608 1618 1662 reclamantibus
1646 1604 1747 1672 nullis,

126 1707 222 1763 l‘arrlus
239 1707 398 1763 discesserat
411 1707 614 1775 decesseratque
627 1723 634 1760 ε
649 1717 809 1774 exceperunt
824 1708 910 1776 panti-
959 1707 1087 1759 arrtterarn
1101 1703 1152 1759 sihi
1167 1716 1366 1757 consecravere.
1383 1700 1458 1755 Narra
1472 1716 1535 1769 ergo
1556 1696 1708 1754 “tarensis
1726 1697 1749 1753 sl

127 1800 201 1853 drale
211 1799 353 1853 concilium
369 1799 448 1853 varie
460 1797 612 1852 autoritates
626 1797 836 1868 oppidanorum,
861 1812 910 1853 nea
926 1773 948 1833 Β
962 1806 987 1852 te
999 1797 1136 1851 remittunt
1149 1793 1202 1864 jam
1219 1792 1383 1847 nrouasteria
1406 1795 1432 1844 iu
1449 1806 1508 1859 qun
1524 1789 1638 1843 libenter
1653 1787 1749 1843 salitus

127 1906 178 1946 tran
196 1900 224 1945 et
238 1890 293 1955 illa,
305 1905 365 1959 qnae
378 1891 475 1944 bunum
492 1888 623 1956 publicoru
638 1902 745 1958 semper
764 1896 908 1954 evertunt,
962 1886 1118 1948 ostermare,
1130 1885 1184 1952 jans
1200 1883 1355 1938 crelestibus
1366 1881 1542 1951 serpentisque
1564 1879 1691 1948 praeludis
1704 1878 1751 1932 ha-

127 1987 210 2040 studia
223 1987 340 2055 privata3
355 1999 414 2051 quaa
435 1983 542 2054 quidam
558 1982 739 2037 triumviratus
752 1983 912 2038 accenderat
964 1977 1094 2039 bitaenlis,
1107 1974 1222 2045 gaudere
1237 1983 1263 2028 te
1276 1987 1323 2043 par
1335 1982 1377 2028 est
1394 1973 1428 2027 de
1449 1973 1628 2029 eoruruuu'urm
1646 1979 1752 2038 patrum

130 2075 208 2147 126
223 2074 427 2144 competitorum
451 2087 586 2143 :quorum
602 2072 664 2127 hinc
684 2073 819 2140 antiquam
839 2054 911 2124 nata·
965 2069 1005 2124 rel
1022 2078 1204 2137 parauerunt,
1226 2066 1301 2137 127
1318 2080 1364 2118 seu
1379 2063 1418 2118 sir:
1436 2063 1567 2117 seritiauta
1588 2060 1753 2123 concor-iia,

128 2169 192 2220 tium
214 2165 416 2236 prerogativam
437 2163 538 2233 reliqna
560 2162 703 2217 destitutus
723 2175 827 2215 marum
850 2161 913 2215 rlote
965 2173 1012 2214 seu
1027 2160 1066 2212 aie
1080 2159 1260 2212 concordante
1273 2152 1417 2211 sententia.
1432 2153 1504 2207 lllins
1520 2167 1627 2221 quaque
1643 2151 1753 2206 nurnine

130 2257 250 2313 ructabat
261 2273 269 2310 a
280 2255 324 2310 tde
334 2269 382 2323 per
392 2253 510 2324 fragores
521 2251 688 2321 parasiticos,
700 2252 847 2307 culinarum
859 2250 914 2304 sul·
965 2248 1083 2313 exsulta,
1098 2261 1176 2317 qneur
1191 2253 1354 2301 creaverunt
1379 2243 1551 2313 Euphronius
1576 2241 1753 2307 tertionaria,

129 2347 214 2419 iragia
226 2357 405 2418 comparatos,
421 2345 555 2415 Apicianis
569 2343 704 2414 plausibus
723 2341 910 2413 itrgerehatrrr;
966 2337 1075 2391 Patiens
1087 2351 1176 2401 marm,
1191 2335 1270 2390 arnba
1282 2335 1394 2405 judicia.
1408 2336 1434 2390 lu
1448 2350 1501 2402 qua
1512 2334 1572 2389 lecit
1582 2332 1755 2403 Euphronius

130 2439 173 2495 trie
187 2439 363 2509 apicevotira
376 2437 398 2490 si
410 2436 550 2507 patiretur,
564 2434 643 2491 racia
665 2433 788 2502 pactione
813 2434 915 2502 prasti-
966 2430 1036 2497 quad
1051 2413 1205 2486 carr'veniret
1221 2444 1272 2484 non
1285 2429 1433 2483 surrecturis
1454 2426 1533 2482 mado
1554 2437 1630 2492 arrae,
1658 2440 1756 2481 veruur

131 2537 203 2582 serat
229 2526 408 2582 ecclesiastica
431 2524 599 2593 plausoribus
622 2523 678 2579 suls
696 2522 793 2593 prodar
816 2523 915 2593 pradia
966 2522 1046 2577 etianr
1071 2520 1206 2591 dignitatis
1231 2519 1391 2588 longaevitati
1416 2534 1424 2573 ε
1447 2519 1510 2574 lecit
1533 2526 1560 2574 et
1583 2517 1692 2572 Patiens
1714 2517 1756 2573 vir

130 2619 197 2673 iure.
212 2617 289 2685 Quod
304 2616 348 2671 ubi
361 2615 484 2672 viderunt
503 2625 611 2670 sanctas
632 2613 740 2671 Patiens
759 2621 788 2669 et
807 2624 915 2670 sanatos
967 2612 1111 2683 quamlibet
1123 2611 1226 2680 magnis
1241 2626 1288 2680 par
1299 2620 1386 2664 tamen
1402 2608 1535 2672 laudibus.
1546 2609 1615 2679 quod
1631 2608 1699 2662 satis
1709 2608 1757 2663 rie-

133 2708 320 2779 Eopbranius,
341 2707 385 2777 qui
408 2707 523 2777 rigarem
547 2705 753 2774 drrnitatemque
775 2704 915 2760 sententia
968 2704 1022 2759 cuit
1034 2703 1121 2758 lacere
1136 2715 1360 2773 personamque
1374 2706 1454 2767 eaput
1467 2707 1509 2753 est
1520 2707 1532 2735 ι
1545 2696 1649 2777 civitati
1658 2709 1757 2752 nostru

131 2798 253 2864 sanioris,
265 2774 363 2868 praeter
376 2795 467 2852 adium
481 2796 658 2867 gratiamque,
674 2795 752 2864 primi
768 2795 914 2860 tenebant;
970 2813 1017 2861 per
1030 2794 1217 2857 sacerdotium,
1235 2790 1458 2862 provinciaram
1477 2804 1510 2845 ve
1527 2799 1574 2844 tra
1591 2804 1641 2859 per
1663 2787 1756 2845 civita·

132 2890 245 2947 covasilio
258 2903 319 2946 eum
333 2889 498 2958 coepiscopis
523 2887 596 2957 prius
610 2888 680 2942 elam
702 2888 914 2952 communicato,
971 2896 1034 2941 terat.
1052 2885 1126 2938 itata.

167 2996 219 3068 53
233 3004 247 3033 ¹
260 2994 335 3062 diro,
352 2997 410 3049 viro
426 2994 515 3058 dacto,
526 3001 553 3048 et
576 2994 611 3049 oh
629 2994 733 3050 litteras
747 2995 909 3065 questoria:
923 2997 947 3060 c
963 2997 1104 3065 epistotam
1118 2995 1147 3049 tt
1161 2993 1195 3048 de
1210 2992 1366 3049 Claudiana.
1379 2996 1508 3058 ioannes.
1521 2994 1619 3061 iuquit,
1634 3010 1696 3049 cam
1711 2992 1757 3047 diu

133 3081 243 3136 qnorum
254 3065 365 3119 altemm
380 3064 475 3118 ducent
485 3065 565 3131 epist.
581 3064 653 3119 lbet
668 3065 713 3129 15,
727 3064 774 3120 lib.
787 3080 825 3129 rx,
848 3064 913 3120 alte·
969 3067 994 3119 in
1009 3065 1189 3121 arclrtdiacuni
1205 3065 1287 3132 gradu
1303 3065 1427 3119 detentus
1442 3067 1534 3119 bris-set
1549 3076 1660 3133 proptr-r
1675 3063 1757 3119 indu-

133 3135 312 3202 rnmepistala
325 3133 359 3189 ad
374 3132 537 3199 Palemium,
553 3148 612 3203 quat
636 3133 763 3200 praecedit
780 3135 839 3203 ejus
860 3135 916 3203 epi·
967 3136 1137 3203 sariamp'aru
1157 3145 1245 3188 tamen
1265 3147 1341 3189 arrcta
1365 3136 1495 3202 dignitato
1515 3135 1657 3204 presbyter
1679 3141 1758 3195 erat.

133 3205 298 3259 rbalaminnr.
314 3202 475 3259 orandam
491 3204 570 3257 etiarn
594 3204 662 3258 inter
678 3218 726 3256 eos
742 3203 787 3266 qui
807 3204 914 3272 scriptis
967 3220 1027 3260 cunr
1040 3207 1140 3260 electus
1152 3215 1193 3258 est
1207 3205 1233 3258 in
1247 3207 1413 3273 episcopum.
1423 3204 1679 3259 srcbtdtaeoaanrrn
1690 3202 1758 3258 orda

133 3278 188 3329 suis
201 3275 333 3340 claruere,
349 3283 472 3328 numerat
485 3271 656 3328 arrctorlitar
672 3272 915 3330 llilariihrelsren·
967 3285 996 3329 et
1009 3276 1107 3345 gradus
1132 3275 1195 3328 adira
1221 3276 1289 3327 atta,-
1318 3291 1370 3329 unn
1395 3288 1453 3328 erar
1477 3288 1557 3343 quam
1569 3275 1759 3329 diaconorum.

134 3346 181 3400 sis.
199 3345 253 3399 b'arr
268 3355 309 3398 est
319 3346 514 3419 surrepserat,
528 3358 542 3395 a
554 3343 712 3397 damnares
726 3342 846 3398 domina.
858 3344 917 3399 Sal·
969 3345 1056 3412 erare
1066 3361 1127 3400 crrrrr
1140 3344 1287 3415 presbyteri
1303 3345 1412 3408 tabant,
1425 3344 1642 3399 archidiaconatu
1660 3343 1759 3398 delun·

134 3415 228 3469 vianus
240 3414 352 3482 epistola
365 3414 398 3468 ad
414 3413 556 3483 ttpparturn
574 3430 580 3465 :
595 3411 649 3465 tttr
661 3428 708 3482 ege
726 3423 808 3468 restra
828 3413 917 3469 uatu-
968 3414 1235 3482 gabauranamma
1250 3415 1366 3483 antiquis
1377 3414 1502 3470 orrrrribus
1517 3414 1637 3469 lristariis
1651 3412 1760 3482 perspi-

135 3486 189 3546 aar,
204 3494 286 3538 aestro
297 3485 413 3556 graculo,
424 3493 506 3537 restro
519 3483 642 3537 domnula
655 3498 665 3536 .·
680 3499 737 3536 aaut
755 3499 806 3553 prro
827 3483 867 3540 his
881 3495 917 3540 tat
967 3501 1046 3541 cvuru
1059 3495 1110 3540 est.
1128 3485 1189 3539 ldea
1201 3498 1319 3539 canones
1332 3485 1377 3552 qui
1391 3485 1500 3539 ordines
1511 3498 1601 3538 sacras
1622 3482 1760 3539 arebidia·

135 3556 262 3609 nocebatis
275 3556 404 3624 qrronriarn
417 3553 635 3624 indulgentissima
648 3552 741 3620 pietate
753 3552 858 3609 lusistis.
967 3555 1043 3609 cunis
1057 3555 1187 3622 indicunt,
1200 3568 1252 3607 nan
1267 3554 1348 3608 alium
1360 3569 1438 3621 quam
1454 3554 1621 3608 diaconatum
1632 3552 1759 3620 praeri-

169 3623 183 3662 l
199 3624 280 3679 vatos
291 3623 418 3679 Ecclesiae
434 3637 492 3677 ruas
506 3633 561 3677 rrat
573 3623 741 3691 inepiscopis
753 3627 920 3681 coustitoen·
969 3631 1045 3678 brrrrt.
1058 3625 1181 3696 synodus
1191 3625 1335 3678 drrerrriea
1353 3624 1451 3680 Urbani
1462 3623 1494 3687 ll,
1507 3639 1568 3678 carr.
1589 3624 1606 3678 3
1621 3640 1629 3678 :
1643 3623 1678 3679 lit
1699 3624 1762 3676 rrst·

135 3694 317 3763 dieruannr
342 3697 430 3747 cirrus
456 3692 583 3747 Ecclesiae
607 3701 634 3748 et
659 3694 798 3763 utriusque
815 3695 919 3751 ordinis
968 3697 1009 3749 brs
1032 3695 1077 3761 fiat
1101 3694 1263 3749 decenario
1289 3695 1392 3748 ecelesia
1421 3694 1470 3746 uiri
1496 3693 1643 3764 presbyter.
1669 3692 1762 3746 usbar

137 3767 249 3831 papulus
262 3763 493 3830 delegissctbuna
507 3764 558 3817 sihi
571 3763 734 3832 aattegisqae
749 3765 919 3886 provincmli·
968 3765 1163 3818 archidiaconns
1180 3764 1229 3816 nirr'
1257 3765 1343 3819 irrita.
1369 3764 1469 3818 Laxata
1491 3763 1588 3817 exinde
1615 3761 1761 3830 disciplina

137 3837 185 3887 bos
200 3834 243 3901 qui
256 3841 446 3896 converterant,
470 3831 607 3899 probatura
630 3835 919 3904 metrapaitannsepi-
969 3851 1032 3887 rrsus
1044 3835 1159 3888 obtinuit
1180 3842 1209 3888 ut
1229 3831 1460 3889 archidiaconatus
1483 3834 1563 3888 etiam
1591 3831 1763 3903 preshyteris

136 3918 246 3970 scopum
260 3901 432 3954 renuntiaret.
451 3901 504 3955 heo
517 3903 649 3971 episcopis
660 3901 754 3958 Gallias
763 3903 797 3959 de
809 3905 928 3969 electra-1
968 3904 1126 3959 deferretur.

138 3987 171 4026 ne
185 3970 330 4025 llarenrrii:
344 3971 497 4039 Quadergr,
510 3969 596 4039 inquit
613 3976 639 4024 r'rr
654 3972 796 4026 Arelatensi
806 3976 917 4039 eirirare,
1003 3971 1097 4040 done
1119 3977 1145 4028 in
1168 3974 1231 4029 iura
1247 3982 1337 4028 monte
1362 3973 1465 4026 crebra.
1487 3971 1632 4041 Gregorius
1651 3973 1760 4028 Toron.

138 4042 348 4108 defunetoheutoe
360 4043 488 4095 stremorira
505 4038 625 4107 Hilario,
650 4043 732 4095 tirum
750 4046 827 4096 etiem
847 4046 919 4099 setis
969 4044 996 4098 ln
1015 4041 1076 4098 tva
1098 4044 1219 4112 Lapicini
1242 4052 1269 4098 et
1292 4041 1402 4097 llamarri
1428 4040 1504 4095 :lttrr
1526 4040 1644 4097 latenas
1666 4045 1765 4098 deserti

137 4113 281 4179 probatum,
303 4110 408 4182 {retreat
433 4110 609 4171 liuuenur‘rrnr.
632 4112 770 4164 oecundrrm
793 4114 919 4168 desideria
970 4122 1076 4177 secretu,
1091 4129 1148 4183 qsoe
1167 4116 1233 4167 inter
1256 4112 1434 4182 burgundiam
1458 4112 1691 4183 dlarrraarriarrrque
1712 4115 1765 4168 sits

137 4181 208 4247 cleri,
226 4181 406 4235 honoratorum
422 4191 445 4232 et
462 4181 540 4250 plebis
560 4181 713 4233 unanimiter
731 4182 917 4245 consecrastis.
970 4185 1096 4239 Auentino
1119 4186 1239 4256 adjacent
1262 4184 1367 4235 rirrtnti.
1395 4181 1495 4236 llarum
1523 4183 1601 4236 tacite
1634 4184 1765 4252 princeps

137 4256 230 4304 terrant
243 4251 410 4319 fraternitatis
424 4263 512 4303 uestrae
524 4266 589 4317 opus
604 4260 690 4303 rrortro
697 4250 797 4319 judicio
811 4252 918 4306 roboro·
970 4255 1161 4308 monasterium
1176 4253 1205 4308 S.
1229 4252 1364 4322 erigendi,
1388 4250 1458 4321 quod
1482 4250 1511 4305 S.
1535 4250 1639 4306 ctaarttt
1667 4262 1765 4317 pastam

139 4338 204 4374 amr.
218 4321 289 4374 idern
304 4323 336 4374 ad
349 4323 489 4388 episcopos
507 4318 664 4374 Viennensis
685 4321 829 4386 provinciae
844 4340 850 4374 r
867 4319 919 4376 Per
933 4355 958 4413 D
972 4332 1159 4392 nuncupatum.
1176 4323 1207 4378 Ut
1224 4332 1312 4376 autem
1326 4322 1383 4375 bac
1406 4321 1544 4384 lorensis,
1570 4325 1609 4375 sie
1632 4322 1765 4378 burenses

138 4406 226 4459 praeeat
239 4399 262 4444 et
276 4391 436 4460 quieteurqui
450 4390 585 4460 praefuturi
597 4398 654 4442 runt
675 4391 845 4456 postulentur.
868 4391 916 4445 Te·
971 4390 1026 4517 518
1047 4407 1123 4462 regas
1148 4391 1295 4447 Fladaarda
1314 4393 1340 4445 in
1359 4390 1491 4445 Chronico
1511 4390 1576 4444 dicti
1602 4390 1765 4459 llarlulphus

138 4471 226 4512 rreotrrr
242 4462 392 4528 subscriptio
413 4460 576 4521 (tensarum,
601 4458 783 4513 itorroratarunt
806 4464 917 4517 testium·
970 4474 996 4517 et
1028 4464 1209 4532 onradus,qrri
1235 4464 1261 4517 in
1283 4462 1328 4517 illa
1348 4460 1508 4530 Bnrgoutbaa
1534 4469 1619 4516 tractu
1640 4462 1763 4532 impera·

138 4534 218 4589 ruam.
233 4530 328 4581 ordinis
339 4545 474 4584 consensus
487 4539 510 4582 et
524 4531 627 4600 plebis:
647 4529 690 4596 qrri
711 4532 865 4600 profuturas
880 4539 935 4588 ert.
971 4534 1044 4587 bant.

139 4598 264 4660 omnibus,
293 4596 325 4648 ab
347 4601 462 4652 omuibus
488 4600 622 4671 deligatur.
643 4599 829 4656 convenerant
853 4617 918 4670 erga
960 4625 962 4629 ·
1008 4601 1263 4672 stirpiniacum
1278 4598 1494 4669 caprrtPatiens‚
1513 4598 1575 4670 qnia
1594 4598 1763 4669 episcopm

138 4667 246 4721 Patiens
274 4670 495 4734 rrratrapatitanus
523 4669 725 4739 Lugdrrnensi·,
750 4670 919 4738 Euphronius
971 4687 1019 4736 per
1031 4674 1166 4727 civrtatem
1180 4687 1263 4733 vero.
1280 4672 1341 4738 quia
1361 4670 1518 4738 Lugdunum
1545 4672 1707 4737 metropolis
1721 4681 1765 4726 est

138 4740 278 4804 eptseapns
306 4739 558 4805 augustudunensis,
582 4740 681 4805 aliique
698 4742 873 4806 provinciales
890 4751 919 4797 ιιι
973 4742 1412 4810 praetorianamqaoquecapur
1424 4739 1655 4806 tortuaprarinete
1668 4742 1765 4809 primae

139 4811 190 4860 rite
204 4821 237 4860 ex
252 4820 326 4860 mara
338 4816 457 4874 agerent.
469 4808 519 4872 Qui
532 4820 593 4862 curn
616 4809 720 4863 diversa
742 4811 811 4864 rasati
829 4825 920 4867 essent
973 4809 1167 4881 Lugdunensis.
1182 4811 1337 4879 Lugdunum
1352 4824 1432 4878 porra
1446 4807 1543 4861 atritas
1560 4818 1586 4863 et
1611 4812 1703 4877 patria
1724 4810 1765 4865 h'l·

139 4876 236 4930 uirium
251 4877 349 4939 studia,
374 4876 423 4943 ipsi
441 4876 593 4945 episcopum
615 4879 685 4932 iuter
701 4894 731 4933 se
748 4879 905 4950 delegerunt
974 4882 1046 4935 danii
1063 4882 1138 4948 :ejus
1152 4881 1378 4948 opiemariacum
1400 4881 1455 4933 trae
1467 4878 1609 4944 scriberet.
1630 4878 1763 4946 Patiens,

140 4959 219 5012 quau
231 4950 344 5014 papatus
358 4947 537 4999 renuntiatura
551 4948 709 5016 susciperet.
976 4966 1055 5009 aarum
1072 4960 1210 5017 propterea
1224 4951 1298 5004 initia
1313 4949 1433 5017 epistolae
1452 4961 1529 5003 suunt
1549 4951 1575 5002 iu
1595 4949 1705 5005 Christo
1718 4964 1765 5020 pa·

177 5017 257 5069 ettae
273 5024 315 5068 est
334 5017 539 5084 presbyterum,
562 5018 606 5084 rpoi
633 5019 743 5072 secundi
768 5019 871 5074 ordinis
896 5030 924 5075 et
975 5031 1043 5076 trem
1057 5029 1145 5074 voest.
1767 5017 1771 5023 ’

141 5085 253 5152 proximi
270 5095 329 5149 past
342 5085 495 5153 episcopum
511 5097 551 5139 ast
562 5087 671 5156 grados,
687 5096 715 5142 ut
727 5089 825 5142 dictura
836 5099 876 5142 est
890 5089 922 5142 ad

155 5171 668 5193 ------...-...
681 5183 683 5186 .

621 5179 1288 5360 numantinum..

331 5397 409 5468 128
429 5392 589 5448 11151011
610 5393 727 5448 mun.
976 5393 1130 5462 nutatim
1145 5393 1293 5464 inltradu-
1310 5393 1430 5463 thatun
1445 5385 1555 5457 trata,
1571 5398 1598 5447 a
1614 5392 1765 5446 iteam

295 5485 417 5542 Sidonias
431 5494 444 5524 ⁸
460 5484 581 5539 Petronia
594 5498 640 5538 erro
651 5483 769 5537 salutern.
976 5485 1346 5549 viroerurvenZentissirrmrn,
1367 5498 1427 5538 arrrn
1451 5483 1545 5538 sturtiis
1563 5483 1621 5553 ipse
1639 5483 1766 5538 araximis

177 5578 262 5632 tarta
272 5579 343 5635 oood
355 5578 504 5634 lectitandis
517 5575 638 5647 epistolis
652 5576 719 5631 racis
735 5576 923 5646 votrrptuasam
978 5577 1089 5644 polleas,
1103 5591 1133 5631 ea
1147 5587 1174 5630 et
1185 5575 1211 5629 in
1223 5576 1280 5630 aliis
1299 5575 1380 5629 etiarn
1399 5575 1507 5629 rrriuiura
1530 5573 1686 5642 complecti.
1711 5572 1765 5631 Sed

177 5707 367 5764 ‘Arelatensis
379 5710 428 5766 iuri
442 5719 544 5781 togata,
561 5725 638 5781 quern
656 5710 766 5764 liortram
779 5722 840 5765 cunr
860 5709 920 5765 aliis
974 5709 1016 5778 leg
1034 5719 1087 5764 turn
1103 5709 1216 5765 vidimus
1238 5709 1263 5764 in
1287 5722 1367 5763 cansa
1389 5708 1504 5765 hrrandi
1528 5708 1574 5765 lib.
1593 5723 1618 5776 r.
1635 5706 1718 5780 epist.
1734 5709 1763 5764 ’1.
