3788 6120
150 264 204 322 lli
830 263 1096 322 PROLEGOMENA.
1729 273 1783 328 tta

149 391 190 447 pa
202 375 237 430 ad
248 388 427 445 possessorem.
453 373 593 429 Sciendum
613 380 696 427 tamen
720 374 854 446 epistolant
878 377 946 433 lianc
959 390 984 446 Α
996 380 1177 447 reuocandum,
1194 379 1265 434 laad
1276 379 1453 440 eaistimumus
1466 384 1619 457 iudipnant,·
1632 403 1691 443 cam
1703 396 1789 456 tamen

150 464 244 521 Fausti
262 466 297 520 'ad
309 464 436 518 Lucidum
448 465 633 536 presbyterum,
657 464 876 536 appectoramus
893 469 948 534 epi-
999 470 1032 523 rte
1045 474 1101 542 ejas
1121 470 1225 542 scriptis
1247 472 1360 527 iruurota
1375 484 1495 530 maneant
1511 479 1645 534 sesamae
1666 476 1787 538 Putrem.

148 573 288 630 scaporum
301 555 487 626 suiscriptloue
507 557 535 610 in
554 556 662 610 concilio
681 554 834 623 Arelatensi,
852 565 875 611 ct
895 559 948 629 epi·
999 560 1075 624 Quod
1096 561 1165 615 enim
1191 565 1320 631 usquead
1343 563 1398 619 aaa
1419 574 1534 636 tempora
1555 579 1643 624 neura
1669 568 1790 628 eumdem

149 651 243 703 satan
257 646 348 702 lsasidi
365 645 505 717 presbyteri
517 646 551 699 ad
574 648 705 718 episcopos
728 656 895 720 conprepatas
919 649 946 703 in
999 649 1126 707 Faustum
1142 655 1268 709 contiuait
1281 656 1347 711 inter
1358 666 1459 712 sanctos
1476 662 1688 733 martyrolopiuru
1701 660 1788 718 Galli-

148 741 250 814 sunado
267 739 451 812 Lupdunensi,
465 755 523 810 qua
541 738 623 794 omia
635 740 705 811 operi
720 737 813 794 Fausti
832 742 946 811 praestit·
998 760 1102 814 canam,
1113 762 1131 799 a
1144 763 1194 817 quo
1208 749 1292 817 ipsum
1305 747 1428 805 iialansrs
1437 751 1548 822 primurn
1559 756 1682 822 capanait
1695 771 1706 811 .·
1720 757 1788 823 rpuod

150 845 255 902 tumtur,
271 850 347 889 sanas
368 849 422 889 esse
447 843 523 902 atque
536 833 689 899 catholicas,
715 834 815 904 judicia
839 835 947 888 duarum
997 838 1092 904 etiam,
1118 847 1146 892 at
1167 842 1321 907 accepimus,
1348 840 1463 896 Ecclesia
1474 841 1624 914 illapiensis
1636 846 1663 898 in
1685 844 1787 913 Gallia,

148 927 308 999 synodorum
320 927 496 994 confirmatas.
516 924 675 995 Neatiquam
688 933 773 978 tamen
789 926 856 979 ullus
874 925 906 980 oi
919 926 946 980 id
997 928 1041 983 uli
1051 930 1105 995 ipse
1114 931 1178 985 sedit
1189 933 1305 996 antistes,
1317 947 1415 1002 semper
1427 948 1486 987 eura
1498 942 1527 986 ut
1540 945 1657 988 sanctum
1669 935 1788 1003 coluerit,

149 1021 276 1075 esistimet
284 1020 318 1073 als
327 1028 435 1090 utraque
444 1017 553 1071 coucilia
561 1016 716 1086 approbatos
729 1025 779 1071 tres
789 1016 867 1072 lilrsas
879 1015 948 1072 Fau·
998 1021 1129 1076 celeirans
1151 1021 1268 1091 ejusdem
1290 1024 1400 1096 aetatem
1432 1024 1463 1078 tt
1485 1023 1626 1088 ianuarii:
1647 1026 1732 1095 ilique
1760 1029 1789 1082 in

149 1113 182 1167 sti
191 1110 225 1165 dc
237 1108 342 1175 Gratia,
355 1117 384 1162 ut
403 1109 458 1177 ipse
470 1108 625 1162 mendaciter
638 1108 743 1163 innuere
762 1108 861 1162 uidetur
872 1108 900 1162 iu
917 1124 948 1163 eu
997 1116 1054 1186 ejus
1066 1113 1214 1167 memoriam
1229 1115 1370 1183 antiquitas
1384 1125 1468 1169 erecto
1485 1115 1601 1181 basilica,
1615 1118 1790 1186 ejasnoruirris

150 1219 207 1274 aaa
229 1203 273 1256 leia
296 1202 430 1273 subjicitur
456 1200 605 1270 proletaria
630 1198 740 1270 epistola
764 1201 798 1252 al
813 1199 947 1255 Leontium
997 1203 1072 1257 titulo
1085 1204 1217 1273 insipnita,
1232 1203 1355 1259 lractenas
1367 1206 1422 1274 ejas
1436 1204 1505 1259 culta
1516 1206 1661 1276 apidelilus
1671 1207 1790 1277 [repuen-

150 1296 298 1370 episcopum
312 1290 336 1344 F
338 1293 525 1362 orop'utieasem.
539 1290 559 1346 C
564 1293 653 1346 ousulc
663 1292 760 1359 plenius
771 1291 802 1344 dc
811 1292 851 1345 icis
862 1294 946 1346 ansui-
998 1304 1077 1360 tetra,·
1096 1297 1213 1366 quodque
1236 1305 1273 1350 tat
1293 1297 1394 1352 sacculis
1409 1296 1554 1353 Cirristiana
1569 1300 1628 1353 arie
1641 1310 1788 1369 spectante,

152 1384 197 1439 lars
216 1384 383 1439 disserentem
403 1382 543 1437 Buroniam
554 1390 615 1436 tarn.
634 1380 671 1435 tt
685 1382 781 1437 Annal.
796 1383 858 1437 eccl.
874 1400 942 1438 anno
997 1382 1115 1439 Ecclesia
1126 1385 1243 1440 Romana
1255 1395 1362 1452 tacente,
1371 1388 1471 1442 nemine
1481 1388 1582 1458 penitus
1592 1388 1671 1460 (arrad
1681 1390 1787 1464 sciatur)

151 1473 248 1532 cistert
262 1473 324 1532 tut).
943 1504 948 1522 ·
997 1476 1205 1544 contradicente,
1230 1479 1280 1532 ista
1295 1479 1376 1532 adem
1391 1476 1490 1534 Fausto
1509 1478 1621 1534 ealriiita
1641 1479 1789 1554 inteilipan·

446 1584 496 1656 (E,
516 1583 649 1656 Canusio.)
670 1573 676 1585 '
997 1573 1049 1633 tur,
1071 1567 1173 1639 opipari
1181 1583 1232 1620 noa
1242 1565 1406 1637 prolriiemur
1416 1567 1447 1621 de
1461 1568 1548 1622 codem
1563 1565 1661 1639 Fausto
1675 1571 1790 1625 occidere

997 1656 1108 1726 potuisse
1128 1655 1208 1728 (qaod
1220 1657 1251 1711 de
1269 1657 1358 1711 maltis
1377 1659 1438 1712 uiris
1449 1660 1545 1713 sanctis
1567 1660 1702 1730 asseritur)
1720 1661 1789 1730 qaod

192 1745 245 1814 Qui
259 1744 326 1799 scire
339 1744 419 1811 oalet,
441 1743 498 1811 auis
517 1739 643 1809 Faustus,
667 1743 723 1809 nais
739 1741 880 1807 llaricius,
902 1744 946 1813 aui
961 1758 984 1819 Β
997 1745 1297 1816 άεὶὶηᾳιιιπεεντανοτὶτς
1311 1763 1369 1801 eum
1380 1750 1487 1819 quartia
1497 1750 1545 1803 illa
1553 1752 1630 1821 saeris
1638 1753 1790 1808 auctoritate

154 1838 213 1894 iem
223 1837 286 1903 alii,
298 1836 333 1890 ud
343 1852 408 1907 auos
420 1837 522 1904 scripta
538 1833 579 1890 lta
589 1833 715 1906 epistola,
730 1833 769 1890 rel
779 1835 824 1905 qai
837 1836 872 1888 ad
881 1836 946 1889 alias
996 1835 1064 1889 sedis
1072 1837 1218 1904 apostolica
1227 1836 1346 1906 definito,
1359 1849 1382 1890 et
1394 1838 1449 1907 eius
1460 1840 1547 1909 opinio
1560 1841 1671 1893 aliorum
1683 1841 1789 1895 l’stsam

155 1931 321 2002 scripserunt,
336 1929 381 1983 ille
395 1927 478 1982 uident
496 1926 635 1982 Sidoniam
646 1925 837 1997 Apollinarem,
855 1939 879 1982 et
897 1927 947 1984 Ve-
995 1927 1307 1993 sentcntiacondcmaato‚
1321 1928 1461 1995 ipsesuaas
1471 1945 1583 1983 errorem
1599 1933 1677 2001 tuterit
1689 1933 1791 2003 scriptis

154 2021 273 2076 uatium
283 2018 468 2083 Fortunatam,
478 2032 555 2088 auem
564 2018 693 2088 inteprum
702 2018 819 2088 natisque
828 2025 947 2074 accurate
996 2017 1789 2089 contrariisdetcctatas,quapotueriat,ataliapuamptarirua.

153 2110 312 2184 illustratum
333 2111 405 2166 dedit
428 2109 626 2178 Cirristoplsaras
649 2109 786 2165 Bracaerus
810 2111 948 2169 societatis
997 2109 1118 2179 periissc,·
1128 2108 1168 2162 ael
1183 2109 1268 2181 ipsum
1281 2118 1339 2163 ante
1354 2110 1509 2181 scriptoram
1519 2112 1615 2181 [oetam
1627 2113 1659 2165 ai
1675 2111 1791 2167 Ecclesia

151 2202 227 2262 lesse.
246 2204 340 2259 Videat
358 2205 418 2259 item
437 2203 640 2258 illustrissimum
654 2200 806 2258 Baroaium.
830 2202 888 2258 Nos
905 2205 948 2260 iric
997 2204 1188 2258 damnationem
1197 2206 1265 2258 etiem
1279 2205 1369 2260 aliisae
1380 2206 1504 2273 (incertas
1513 2217 1550 2262 est
1562 2211 1628 2261 enim
1640 2212 1698 2280 ejus
1708 2209 1791 2262 alitus

148 2295 180 2350 de
198 2295 311 2368 sc'naalis
324 2302 435 2348 attexere
450 2309 501 2347 nan
521 2292 649 2347 uolumus.
666 2292 778 2347 Tantam
798 2295 828 2348 de
847 2292 947 2350 Fausto
997 2300 1092 2364 aranas)
1104 2295 1237 2350 trahentem
1247 2299 1273 2350 in
1283 2298 1368 2351 anima
1382 2297 1410 2351 in
1422 2297 1462 2353 lu's
1473 2299 1623 2370 seaaipuad
1636 2304 1791 2368 sequendam

147 2384 307 2458 dilaniensi,
318 2386 361 2455 qai
372 2386 398 2439 in
413 2402 462 2440 ms.
477 2382 624 2456 appellatur
636 2394 749 2450 sanctus,
764 2386 819 2439 lrac
834 2388 949 2442 notanda
998 2388 1100 2442 doceret
1115 2388 1241 2444 Ecclesia.
1254 2387 1297 2443 lta
1309 2391 1412 2459 quidem
1422 2406 1508 2461 rpsum
1521 2392 1693 2460 compositam
1706 2393 1791 2444 anime

142 2479 273 2533 rideatur
284 2493 342 2549 qsoe
355 2475 483 2531 Baranius
497 2476 529 2529 de
540 2476 588 2531 lsac
605 2477 662 2547 ipso
676 2477 751 2531 lcclct
770 2477 797 2530 in
809 2480 949 2549 appendice
998 2480 1090 2550 luisse,
1107 2480 1215 2551 aliisque
1229 2483 1382 2549 innotuisse,
1398 2484 1458 2537 inde
1473 2483 1550 2554 facile
1562 2489 1643 2552 potest
1666 2479 1791 2549 inteiiipi,

139 2572 214 2626 torrri
227 2570 250 2625 1
264 2571 299 2625 ad
315 2581 409 2625 tomam
423 2567 472 2636 tt,
491 2585 558 2622 anno
571 2568 622 2624 tau
636 2567 703 2640 (Cal.
717 2567 816 2641 stin:
838 2586 847 2620 s
865 2568 948 2624 Porro
997 2570 1066 2642 quad
1079 2586 1178 2641 semper
1195 2572 1233 2638 (ut
1247 2572 1363 2627 indicant
1376 2581 1435 2627 acta
1450 2574 1620 2627 conciliorum
1634 2569 1791 2626 Arelatensis

137 2661 276 2718 l'aastas
293 2664 349 2734 ipse
362 2679 421 2718 curn
437 2660 475 2735 (a)
489 2661 619 2715 —iii—
636 2661 760 2715 miramur
774 2660 805 2716 ui
821 2661 949 2732 aliquibus
999 2659 1222 2732 etiapdanensis)
1233 2664 1487 2718 communicationem
1499 2662 1651 2716 lraiuitcum
1659 2661 1793 2718 sanctissi-

134 2756 334 2824 imprudenter
347 2748 410 2809 sanc
423 2752 528 2808 inscrili
542 2751 666 2808 Sanctam
675 2780 710 2793 -
721 2752 760 2806 isis
774 2753 828 2806 trac
842 2752 950 2807 adde-
1000 2753 1049 2807 mis
1073 2751 1223 2808 ortlrodosis
1247 2751 1393 2807 Galliarum
1407 2754 1543 2826 episeopis.
1572 2751 1696 2808 ilaueant
1714 2751 1792 2824 ipisus

134 2846 211 2903 Ista
237 2848 340 2918 quidem
364 2848 447 2920 priori
466 2847 577 2901 editione
602 2861 635 2900 cs
652 2845 772 2899 adductis
794 2845 951 2899 diuersorum
1002 2843 1101 2899 Fausto
1113 2845 1214 2915 intepra
1223 2848 1288 2919 p'ura
1303 2861 1361 2911 sua,
1375 2861 1422 2900 nec
1436 2863 1467 2900 ea
1479 2846 1576 2900 nastris
1589 2845 1691 2916 scriptis
1702 2851 1792 2899 renuat

123 2939 260 3007 scriptis
276 2939 441 3008 affirmasse,
458 2952 511 2991 aon
521 2936 640 2990 indecens
653 2935 759 3005 quidem
771 2936 831 3005 prat.
847 2935 879 2987 m
893 2949 951 2989 reso
1001 2937 1180 3009 prejudicium
1192 2954 1201 2992 :
1211 2954 1292 3008 neque
1305 2939 1404 3005 priuato
1414 2938 1511 3007 judicio
1523 2938 1630 2992 nouitati
1642 2939 1716 2992 liceat
1729 2952 1793 2991 con·

132 3046 182 3086 a
190 3039 287 3103 postea
297 3030 403 3103 capnitis
416 3039 439 3083 et
449 3028 578 3094 adductis,
589 3042 679 3082 sursus
686 3027 721 3080 ad
726 3028 741 3098 j
745 3025 857 3080 adiciunt
867 3026 951 3096 ipsura
1002 3028 1093 3083 uellera
1104 3029 1290 3099 antiquitatem.
1310 3047 1319 3080 r
1338 3029 1403 3084 llas
1417 3026 1558 3084 Batonius.

187 3188 231 3262 la)
247 3187 334 3244 tncas
357 3187 421 3243 tarni
437 3186 503 3242 scuti
518 3199 597 3254 quem
612 3184 656 3241 hia
670 3193 798 3241 retractat
820 3186 950 3243 Batonius
1000 3188 1140 3244 scralresin
1153 3188 1257 3258 lapsam
1271 3189 1438 3254 simpliciam,
1453 3187 1608 3242 aialieuaoit
1627 3202 1682 3243 ase
1696 3188 1794 3240 arrriaros

125 3261 193 3316 sia
210 3259 357 3313 sehabet:
377 3257 458 3342 Parra
482 3254 593 3309 Faustus
614 3257 678 3325 ipse,
694 3273 753 3309 cura
768 3257 823 3324 circs
831 3256 950 3378 [allecia
1001 3261 1278 3342 episcoporam,atque
1298 3258 1405 3314 decessit
1424 3259 1565 3341 implacita&
1579 3273 1652 3327 aaran
1672 3257 1795 3310 miriamur

119 3333 273 3394 detecta,
288 3338 371 3383 assent
381 3327 472 3398 purius
484 3336 591 3381 conatus
608 3338 645 3382 est
660 3326 779 3380 reuellere
794 3326 832 3380 l’e
843 3343 950 3396 aprunos
1001 3328 1033 3382 ui
1048 3329 1177 3400 aqurulas
1193 3329 1368 3396 imprudenter
1380 3328 1554 3381 soacenscrrln
1570 3341 1700 3381 asuerus.
1717 3324 1793 3379 Eam.

150 3462 1781 3496 ⁴...---—-—--—--——-————-——---—---—---

731 3582 934 3668 JACOBI
956 3583 1227 3670 BASNAGII

510 3753 1124 3910 uuruuovaustauus
1163 3757 1436 3863 cultrum

603 3957 670 4026 DE
710 3955 754 4030 S.
791 3959 998 4035 FAUSTO
1034 3957 1347 4042 alluatuust,

142 4132 203 4178 ΑΙ
220 4129 338 4176 FUBRI'F
352 4127 620 4173 SfflPBLdiiidliUS
632 4127 673 4169 tta
686 4125 801 4172 sattius
815 4129 1016 4175 assentatus
1031 4131 1209 4189 occanum
1221 4131 1261 4174 ΔΝ
1277 4128 1474 4174 transuectus
1484 4153 1493 4183 ,
1505 4125 1670 4173 sativam
1680 4125 1796 4172 LUOEBil

652 4206 691 4248 ΕΤ
705 4206 790 4250 atttts
808 4208 962 4254 coactans
980 4211 1214 4264 SUWMUEMT,
1235 4210 1305 4253 ETC.

746 4327 1213 4359 Ὢ·-

199 4486 229 4544 l.
240 4483 347 4541 Diuersa
361 4478 454 4552 paudet
468 4487 492 4533 ct
505 4476 604 4536 ialarat
618 4475 687 4547 saara
700 4471 813 4528 Faustus
827 4473 990 4556 Hippian-C
1005 4478 1098 4535 saltem
1107 4482 1218 4551 plurium
1232 4500 1288 4553 aaa
1301 4484 1508 4552 interpretatione
1521 4483 1629 4556 ienipna
1641 4501 1748 4555 prorem
1757 4485 1797 4540 in·

142 4584 213 4652 tie,
225 4579 320 4652 uuiaet
333 4574 377 4644 Μ
390 4589 408 4626 ⁰
421 4571 539 4642 liminii
552 4570 617 4623 ’Μ
630 4567 701 4621 ‘¹5⁰⁰‘
714 4572 886 4631 'mmuh
900 4568 956 4635 Μ’·
1006 4572 1104 4642 dipersi.
1116 4572 1309 4644 iiesormidalat
1321 4575 1444 4629 Sidonius
1454 4577 1605 4629 acerrimum
1617 4573 1711 4629 Fausti
1722 4575 1796 4644 iape-

140 4679 285 4747 {rapante
307 4666 423 4723 Ecclesm
443 4667 516 4736 cujus
538 4663 587 4734 suit
603 4663 748 4732 episcopas.
765 4659 835 4713 Nam
857 4659 885 4712 in
902 4657 956 4728 ejas
1006 4663 1094 4730 num,
1109 4667 1154 4735 pai
1166 4665 1199 4718 alr
1216 4681 1245 4719 eo
1265 4665 1363 4720 litteras
1380 4666 1552 4735 suspectabat,
1571 4675 1722 4735 etreseptns
1736 4671 1806 4721 een?

144 4765 292 4822 flosorem
303 4762 371 4815 diem
381 4762 475 4831 fatum
484 4754 733 4810 tractatuseelelrrat.
744 4751 885 4807 Nutaoerat
895 4749 959 4804 olins
1006 4769 1075 4810 sura
1095 4755 1265 4828 saip’ieielat:
1281 4775 1291 4809 e
1305 4756 1388 4826 idque
1400 4759 1510 4813 oatioum
1524 4755 1588 4810 milri
1601 4758 1735 4826 pranditer
1748 4757 1797 4826 [uit

145 4843 957 4925 Baroaius,quiillumrersipeilemualpeaalaraappellarint.
1009 4862 1038 4900 ac
1061 4856 1238 4916 peroptatam,
1255 4856 1282 4900 at
1302 4848 1410 4918 epistola
1436 4849 1553 4918 injuncta
1571 4848 1798 4917 necdeneparetur

150 4952 221 5011 Sed
229 4948 353 5004 Ecclesia
364 4943 513 5018 illepiensis
523 4942 649 5012 precibus,
656 4945 730 5013 cujus
740 4938 885 4995 auctoritati
892 4935 959 4991 rnul-
1008 4935 1103 5006 scripta
1118 4935 1246 4997 ancicitia.
1261 4951 1307 4989 nec
1317 4935 1465 4990 suiderctur
1484 4936 1548 4989 lecta
1561 4949 1685 4989 πωπω.
1701 4951 1710 4985 r
1726 4933 1797 4998 Quid

151 5030 856 5100 rememorataammataatcterstnas,tnpatsus‚
872 5027 960 5098 pristi-
1008 5033 1097 5081 sanent
1116 5024 1163 5080 illa
1178 5024 1268 5089 acria,
1290 5024 1399 5078 uiderint
1417 5024 1576 5093 inuspretes.
1598 5022 1693 5087 ‹Quin
1711 5023 1797 5094 potira

153 5150 230 5189 mans
243 5129 349 5185 mutauit
365 5125 563 5191 sententiarum
573 5123 666 5194 lepitur
682 5123 709 5176 iu
724 5121 874 5193 profanans
883 5117 961 5176 Cani·
1009 5117 1122 5171 unimam
1131 5116 1198 5170 male
1208 5115 1257 5170 sili
1267 5114 1395 5169 conuiuas
1403 5122 1427 5170 et
1437 5128 1482 5186 per
1490 5113 1568 5168 lroras
1576 5113 1611 5168 sd
1621 5112 1731 5184 pascalis
1740 5112 1798 5166 rita

154 5223 255 5286 «iana,
263 5235 341 5290 qaam
347 5218 389 5277 laic
397 5214 576 5283 descripsimus
584 5208 794 5282 intepramlllido
800 5209 922 5278 saporius
933 5208 959 5262 iu
1008 5206 1096 5263 delita
1106 5206 1341 5261 contremiscentem
1353 5204 1564 5275 frequemissimis
1577 5204 1628 5258 tuis
1641 5204 1694 5258 illis
1712 5211 1736 5257 ct
1750 5217 1796 5255 aa·

159 5305 407 5382 lusaipsspsg.).1n
414 5299 960 5379 ammaleunttumacterestamreccutiores.
1012 5299 1158 5354 iratissimis
1171 5299 1317 5352 orationum
1328 5312 1462 5352 munerare
1474 5297 1615 5368 suffrapiis,
1631 5309 1734 5364 precam
1748 5307 1796 5364 pe·

165 5392 606 5459 tutamuatasrottaurstaontus
615 5386 962 5462 Apollinaris,inlitterisad
1009 5391 1074 5446 ritus
1094 5391 1288 5454 lrrsulanaruar,
1312 5405 1375 5456 quas
1398 5390 1430 5444 de
1455 5390 1574 5458 palestra
1592 5381 1795 5454 eanprepationis

164 5500 258 5568 ipsam
271 5491 387 5562 scriptis;
397 5489 485 5544 sedan
494 5485 582 5555 jocari
592 5483 740 5547 salamiam
753 5480 859 5534 nimium
867 5475 962 5531 Fausti
1009 5478 1147 5535 eremitidis
1156 5487 1204 5544 ,et
1225 5477 1257 5534 dc
1268 5486 1359 5533 senatu
1371 5476 1543 5532 Lirinensium
1563 5471 1758 5529 sellulariorum
1769 5475 1797 5528 in

169 5576 560 5651 studiumrircaplstlosoplriam
569 5574 772 5647 adaquentiam,
780 5586 858 5642 quoru
869 5568 962 5626 secari
1010 5570 1097 5624 scriem
1109 5584 1217 5640 auoque,
1226 5568 1417 5640 cataractam
1425 5580 1500 5621 saara
1511 5561 1701 5631 superinspicis,
1712 5569 1797 5618 trans·

167 5675 328 5738 *miniatum
342 5673 436 5739 ntae,
443 5677 487 5725 aut
499 5669 615 5736 madore,
624 5669 707 5723 dicere
715 5664 804 5721 nolim.
821 5659 963 5740 Occurrunt
1011 5660 1103 5731 tulisd,
1116 5660 1181 5735 ailtil
1192 5669 1304 5718 mutotm
1317 5659 1440 5715 altore.»
1456 5654 1563 5712 Videtur
1577 5653 1704 5711 Sidonius
1717 5655 1798 5711 adeas
1855 5659 1857 5663 '

319 5767 455 5828 aranos.
477 5758 585 5822 Lvttt.
814 5816 847 5828 „,
1639 5743 1681 5805 25
