3788 6120
751 296 915 356 etudine.
1598 297 1651 360 730

105 412 173 469 nlcrt
186 410 307 469 clausum
320 423 386 465 cara
402 425 451 481 per
464 409 580 465 diuortia
593 409 702 465 dunen.
824 415 849 474 Α
867 409 995 481 Captivos
1006 409 1050 466 hic
1061 409 1137 467 solra
1152 418 1223 477 tuos,
1239 417 1267 466 et
1281 423 1329 481 per
1338 410 1403 483 juga
1418 411 1497 485 Burgi

105 503 193 559 iduum
207 502 241 557 ad
256 501 353 566 solem,
365 508 425 571 post
440 501 546 568 horreo,
559 501 643 572 surgit
657 516 739 571 opaca
863 502 936 559 Lreta
952 503 1080 560 relaxatae
1095 503 1160 559 bant
1174 503 1264 558 vincta
1280 513 1393 559 catena.

105 593 201 651 ominis
209 591 320 647 hiberna
330 590 441 655 domus;
456 592 551 660 strepit
567 591 686 647 bicbuna
699 591 807 647 iiumms
896 594 1046 650 condrust
1057 609 1151 651 rocem
1160 594 1270 666 jansjam
1284 609 1367 665 prope
1380 594 1488 651 sobrius
1502 594 1581 652 istam

105 685 153 741 itas
167 683 277 753 depasta
296 681 401 748 trabes;
422 683 524 737 sinuat·
540 681 648 738 cantino
861 687 978 754 Silenus,
994 688 1147 758 pariterque
1164 686 1241 743 chori
1261 687 1385 743 cecinere
1399 691 1529 742 iacentes.

105 777 138 834 iis
150 776 223 848 parit
237 773 309 831 unda
324 774 411 844 globi,
428 773 567 843 tractoque
583 774 690 845 flagello
860 776 930 850 Nysa
946 777 1005 833 sale
1017 775 1136 844 liromio,
1152 775 1255 832 Phoebo
1269 775 1404 830 Parnasso
1417 774 1549 831 bivertex.

106 876 118 924 t
132 876 146 906 '¹
159 867 292 924 lentatum
304 879 353 935 per
367 865 482 919 culmino
495 873 550 919 tota
565 879 702 933 uaporem.
859 868 918 923 lion
933 867 1006 923 ilium
1021 866 1127 936 Nasus,
1143 882 1195 922 non
1210 867 1292 923 istum
1308 865 1411 939 cyrrha
1431 865 1571 936 requirat:

105 955 275 1014 uatadebinc
289 954 393 1021 rideas,
405 970 465 1026 quae
478 953 698 1010 conditorausus
859 959 939 1031 397
955 957 1009 1017 Sed
1026 972 1104 1029 mage
1124 965 1254 1029 perpetuo
1268 957 1372 1027 burgus
1391 955 1522 1027 placitura
1538 962 1655 1026 petatur.

105 1064 118 1106 ι
132 1048 260 1106 Palladiis
272 1046 391 1104 textrina
402 1046 519 1103 educere
529 1047 643 1115 templis.

105 1140 144 1199 tlsl
158 1139 292 1212 quondam
303 1139 402 1210 coniux
417 1139 570 1193 veneranda
585 1137 698 1206 Leonti,

105 1246 131 1288 ut
145 1229 201 1288 alls
215 1221 398 1299 magis‘nurus
412 1242 530 1298 unquam
545 1227 640 1284 Pontia
653 1229 752 1300 gaudet

105 1336 186 1394 spro
196 1331 272 1379 sorte
286 1319 351 1387 riri,
372 1318 556 1376 celebrabitur
571 1318 630 1375 aede

105 1415 164 1472 *rias
177 1427 306 1471 vacuasse
320 1411 406 1477 eolus,
423 1411 464 1467 rel
479 1411 566 1468 serica
584 1411 628 1467 tila

105 1516 174 1560 unas
183 1504 295 1560 torsisse
307 1503 394 1569 letes,
410 1502 453 1558 uel
465 1502 579 1558 sumine
592 1501 665 1558 lulro

105 1594 175 1650 entis
188 1593 239 1650 lusi
254 1594 388 1649 mollitum
402 1607 483 1650 nesse
496 1594 646 1649 metallum.

105 1684 160 1742 bus
172 1684 307 1755 posthinc
320 1685 412 1740 rutilat
425 1699 486 1756 quse
496 1684 620 1740 machina
633 1683 752 1756 intactis,

105 1775 597 1846 ecatltorumprimordiaiodaeurum.
822 1783 844 1842 Β

105 1882 170 1926 uam
184 1868 287 1938 pictura
302 1868 395 1933 micat,
407 1883 459 1924 nee
473 1876 595 1939 tempore
605 1867 685 1937 longo

105 1960 165 2018 tiata
180 1975 243 2016 suas
255 1967 365 2030 turpant
377 1961 512 2030 pigmenta
528 1958 641 2028 liguros.

105 2050 138 2108 ris
153 2051 186 2107 ad
197 2049 313 2107 iuranti
328 2059 354 2106 te
367 2051 488 2122 porticus
501 2050 600 2121 accipit
612 2052 702 2120 ampla

105 2142 216 2200 directis
226 2152 336 2198 curtata
351 2143 418 2210 riis;
432 2142 477 2199 uhi
492 2131 613 2213 margine
627 2157 733 2198 summo

105 2253 118 2303 ;,
133 2243 162 2292 et
172 2235 280 2291 arctatis
295 2244 347 2291 stat
361 2249 445 2291 saraa
456 2234 524 2289 silra
536 2233 677 2291 columnis.

105 2326 243 2384 »labilibus
256 2336 328 2399 patet
343 2324 534 2383 binccoenatio
549 2325 643 2381 calvis.

125 2419 235 2490 euripus
251 2416 374 2489 propter;
390 2418 462 2473 cadit
477 2417 546 2473 undr
562 2431 680 2488 superne

105 2524 164 2568 ores
178 2510 312 2582 pendente
322 2510 393 2580 lacu,
408 2524 558 2581 venamque
569 2509 654 2566 secuti

105 2600 266 2657 tiereniunt
279 2610 376 2656 nantes
388 2601 527 2656 coenacula
542 2602 642 2670 pisces.

105 2705 135 2749 aa
146 2691 259 2763 erigitur
269 2692 311 2747 rel
325 2691 422 2762 prima,
439 2691 481 2748 sel
492 2691 592 2749 extima
607 2691 699 2746 turris.

105 2784 143 2840 rit
154 2782 199 2839 bic
213 2782 331 2839 dominis
345 2784 487 2840 hibernum
499 2784 583 2854 sigma
599 2784 703 2851 locare;

105 2874 249 2943 conspicua
259 2874 381 2931 residens
393 2862 561 2942 in'culmine,
577 2889 651 2945 sepe

105 2980 139 3021 ιιιι
150 2966 251 3022 nostris
265 2966 349 3022 musis
359 2967 439 3022 simul
453 2975 534 3037 atque
545 2966 658 3039 capeliis
1123 2992 1265 3052 mmm
1284 2989 1379 3050 mn·

105 3070 143 3112 sm
159 3066 277 3113 montem
293 3056 361 3112 lauri
378 3073 385 3110 r
398 3055 535 3127 spatiabor
548 3057 575 3112 in
588 3057 648 3113 istis

105 3147 176 3217 hus,
208 3147 252 3203 bie
275 3145 406 3216 trepidam
431 3146 540 3202 credam
564 3147 631 3202 mibi
656 3146 768 3204 eredere
816 3147 840 3210 C

605 3236 766 3309 [Daphnem.
893 3241 961 3300 cum
973 3241 1029 3314 ian
1045 3240 1211 3313 promeritis
1231 3239 1285 3296 tuis
1300 3252 1423 3308 pararem

108 3327 180 3388 loric
193 3329 292 3400 gradus
303 3329 438 3401 gemilium
453 3330 590 3386 convellis
604 3328 765 3397 addition,
855 3337 1001 3407 Consenti,
1015 3337 1140 3408 columen
1155 3335 1293 3406 decusque
1307 3348 1429 3397 morum,

105 3424 145 3478 iae
160 3421 187 3479 in
207 3424 303 3492 templa
320 3423 379 3493 dei,
395 3425 442 3495 qui
460 3423 593 3478 maximus
606 3422 650 3478 itte
663 3434 704 3478 est
721 3439 728 3477 :
855 3427 938 3499 300
953 3427 1056 3484 Vestrae
1069 3425 1193 3481 laudibus
1205 3422 1398 3492 hospitalitatis

105 3513 245 3571 sredoient
256 3515 356 3585 junctis
369 3514 499 3584 apotheca
515 3528 662 3584 penusque.
854 3518 969 3575 cantum
987 3517 1143 3589 impendere
1163 3514 1289 3586 pauperis
1305 3514 1419 3579 cicutae;

894 1170 972 1237 licre,
989 1171 1087 1240 quotics
1102 1169 1148 1224 tihi
1163 1169 1264 1224 libuerit
1276 1170 1372 1242 pateris
1388 1168 1567 1239 capacioribus
1581 1169 1653 1226 titu-

857 1280 916 1318 rare
929 1262 1082 1328 rorensium,
1095 1261 1152 1316 mhi
1171 1261 1241 1332 quod
1255 1261 1322 1316 iuter
1340 1257 1450 1333 scpplios
1468 1270 1492 1316 et
1513 1261 1655 1332 amystidas

858 1367 914 1413 tuas
929 1354 1011 1429 legas.
1028 1353 1181 1412 Schoeneris
1197 1354 1358 1409 caecandis
1376 1370 1449 1423 mea,
1468 1355 1492 1409 si
1509 1354 1537 1411 in
1554 1352 1655 1409 soleriae

858 1463 935 1503 aures
948 1447 1000 1504 ista
1013 1463 1065 1502 noa
1076 1444 1207 1512 reneriutp
1221 1460 1268 1499 nee
1282 1444 1380 1515 injuria
1392 1443 1440 1500 hec
1453 1461 1484 1499 oc
1495 1459 1566 1500 secus
1580 1452 1654 1512 atque

857 1555 958 1606 acuum
978 1547 1016 1595 est
1038 1538 1128 1611 piaqito
1143 1553 1153 1594 :
1168 1536 1375 1608 quandoquidem
1391 1535 1493 1592 baccho
1515 1551 1570 1591 meo
1580 1534 1653 1608 judi·

856 1632 925 1685 cium
940 1629 1107 1685 decemuiraie
1121 1644 1241 1699 mesura,
1261 1629 1433 1700 tempestioius
1446 1643 1523 1700 quam
1536 1627 1654 1683 concerni

858 1721 971 1777 tribunal
982 1722 1100 1793 eripitur.
1114 1720 1147 1777 st
1160 1721 1218 1792 qais
1226 1728 1313 1776 auum
1325 1735 1429 1775 carmen
1443 1719 1571 1793 prolixius
1583 1727 1655 1775 eats-

858 1832 906 1869 aus
919 1814 1023 1870 duaerit
1036 1831 1090 1870 esse
1103 1813 1273 1884 culpandum,
1284 1810 1353 1881 quod
1363 1812 1553 1885 epiqrammatis
1568 1826 1653 1866 eaces·

855 1906 918 1960 serit
934 1906 1098 1976 paucitatem,
1121 1905 1201 1959 istum
1219 1902 1321 1972 liquida
1341 1910 1426 1972 patet,
1449 1917 1530 1973 neque
1550 1899 1653 1958 balneat

856 1996 970 2064 Etrusci,
985 2012 1067 2067 aeque
1079 1995 1220 2052 Herculem
1234 1993 1428 2061 Surrentinum,
1442 1991 1551 2066 aequal
1567 2009 1654 2050 comas

856 2085 942 2142 Flauii
960 2085 1068 2155 Earirti,
1090 2101 1175 2157 aeque,
1194 2083 1281 2157 Tphur
1305 2084 1422 2154 Vopisci,
1444 2100 1525 2156 nsque
1546 2085 1652 2141 omnino

855 2178 996 2250 quidquam
1017 2177 1049 2232 de
1062 2176 1170 2249 Papinii
1190 2176 1271 2231 nostri
1291 2175 1390 2231 siteuiis
1413 2173 1541 2230 lectitasse
1562 2190 1654 2247 :qaas

856 2286 944 2326 omues
969 2269 1153 2341 descriptiones
1172 2269 1211 2324 uir
1234 2267 1278 2324 ille
1296 2266 1574 2341 praejudicatissimus,
1600 2283 1654 2322 aen

854 2361 1023 2418 distichorum
1044 2371 1090 2416 aut
1111 2359 1317 2418 tetrastichorum
1334 2361 1437 2433 stringit
1457 2359 1594 2431 anqustiis,
1609 2359 1654 2416 sed

854 2455 952 2525 potius,
974 2461 1003 2508 st
1024 2452 1122 2524 ipricus
1135 2449 1248 2506 Flaccus
1268 2451 1296 2504 in
1318 2449 1382 2505 artis
1402 2449 1508 2522 poeticae
1528 2448 1654 2504 columine

854 2545 983 2618 pracipit,
996 2545 1087 2599 muisis
1101 2545 1243 2614 iisdemque
1254 2542 1390 2613 purpureis
1402 2541 1575 2597 communium
1585 2554 1654 2612 pau·

854 2637 894 2690 nis
906 2635 985 2690 semei
1005 2632 1139 2688 inchoatas
1159 2631 1281 2686 materias
1304 2631 1422 2684 decenter
1441 2627 1565 2686 extendit.
1588 2626 1653 2682 llas

854 2745 895 2784 me
911 2728 945 2783 ad
963 2725 1117 2800 defensionis
1134 2723 1281 2796 exemplum
1291 2723 1407 2795 posuisse
1424 2722 1545 2793 sufficiat,
1557 2737 1587 2776 ue
1597 2720 1653 2778 has

854 2821 909 2891 ipsa
923 2818 1091 2892 longitudinis
1104 2815 1251 2901 deprecatio
1264 2816 1342 2886 ionga
1355 2813 1486 2871 uideatur.
1504 2811 1580 2872 Vale.

876 3119 998 3165 ‘dasbo-
1013 3122 1048 3164 sb
1061 3118 1228 3163 bonimio!
1247 3120 1274 3159 V·
1289 3119 1316 3160 C·
1331 3119 1413 3161 clm
1429 3116 1632 3161 denudatum.

105 3603 172 3660 altus
184 3613 212 3661 tu
227 3604 311 3661 irater
324 3605 381 3661 cris
403 3609 463 3665 iam
477 3604 567 3660 divide
577 3605 680 3669 sedem
856 3607 933 3666 Ultro
945 3608 974 3664 ln
987 3607 1108 3664 carmina
1123 3616 1151 3662 tu
1167 3605 1258 3662 tubam
1273 3603 1435 3671 recludens,

105 3710 136 3753 as
147 3696 213 3753 mibi
227 3697 301 3752 lonte
316 3712 388 3760 nico,
401 3712 481 3766 quem
496 3704 588 3752 monte
603 3693 729 3751 ducatoris
854 3695 993 3763 Conuema
1005 3695 1112 3765 ordine,
1125 3693 1250 3750 versibus
1262 3691 1350 3750 citasti

107 3789 291 3845 tmulticarus
305 3787 423 3859 spatioso
437 3789 531 3844 circite
547 3788 645 3845 loroir.
854 3792 965 3849 specum
980 3790 1075 3847 indere
1088 3791 1128 3847 sie
1140 3789 1226 3860 magis
1240 3788 1373 3844 sodalem.

106 3888 134 3934 et
144 3877 188 3934 bic
199 3878 283 3944 cultu,
294 3879 370 3934 dedit
386 3879 448 3934 huic
461 3888 557 3934 natura
574 3880 711 3935 decorem.
855 3885 938 3940 Paret
952 3895 1028 3938 musa
1043 3881 1107 3948 tibi;
1123 3880 1170 3936 sed
1184 3879 1369 3951 impudentem

108 3984 153 4025 am
167 3971 298 4040 placuisse
309 3971 408 4040 placet,
419 3985 474 4026 non
488 3985 584 4041 pompa
600 3984 649 4040 par
659 3979 744 4025 artem
853 3973 937 4030 llulto
950 3972 1056 4031 cautius
1069 3970 1131 4027 hinc
1143 3971 1242 4043 stylum
1257 3967 1385 4025 morebit.

105 4063 230 4120 animati
245 4078 298 4119 non
313 4072 404 4120 comet
415 4064 526 4119 malleus
547 4065 602 4119 ictu
854 4066 920 4121 iiam
933 4078 994 4120 curn
1007 4062 1126 4119 carmina
1141 4062 1261 4133 postules
1275 4060 1390 4126 diserte,

106 4168 158 4212 nec
169 4169 279 4211 caesum
290 4156 452 4227 supplebunt
466 4169 601 4211 marmora
616 4153 739 4227 tophum.
853 4154 957 4213 Suades
971 4154 1108 4221 scribere,
1122 4153 1169 4209 scd
1182 4152 1247 4208 lacis
1263 4160 1363 4207 tacere.

105 4265 124 4305 u
136 4247 260 4307 Castaliae
274 4251 352 4307 nobis
365 4251 424 4306 rice
437 4251 536 4307 suflicit
549 4251 638 4317 unda,
790 4273 793 4280 ·
854 4247 944 4319 Nuper
956 4243 1175 4318 quadrupedante
1188 4257 1249 4299 oum
1263 4241 1345 4298 citato

116 4339 192 4396 diret
203 4341 272 4396 habe
289 4342 394 4398 :colles
409 4350 453 4396 tua
467 4343 527 4412 jura
541 4343 710 4398 tremiscant.
854 4338 927 4405 lres,
940 4335 954 4376 ‘¹
967 4336 1097 4407 l'booida,
1113 4335 1272 4405 Sestiasque
1286 4332 1364 4388 linias

105 4488 125 4529 er
146 4474 255 4530 tubulos
274 4476 401 4530 nimirum
421 4476 569 4546 parictibus
591 4477 754 4546 impressos,
769 4484 797 4530 ut
812 4475 839 4536 D
853 4472 1001 4530 bilissimas
1012 4482 1040 4528 ct
1051 4471 1219 4527 doctissimos
1230 4469 1330 4535 tulerit,
1343 4467 1413 4523 buno
1424 4466 1511 4538 ipsum
1521 4466 1554 4523 ad
1564 4482 1644 4540 quem

106 4542 234 4600 rSeoeca
249 4548 328 4616 epist.
340 4547 386 4602 90.
399 4551 486 4617 Atque
505 4550 541 4602 ita
559 4547 705 4617 legendus,
717 4545 796 4601 intrl·
851 4543 957 4610 scribit,
973 4552 1001 4598 ct
1016 4543 1073 4612 ejus
1089 4550 1191 4612 patrem
1206 4559 1212 4593 :
1228 4554 1340 4608 quorum
1360 4539 1499 4608 utriusque
1522 4540 1645 4595 menrinit

105 4627 179 4684 reque
195 4616 296 4671 Plinius
307 4617 397 4684 iunior
413 4617 459 4671 lib.
481 4632 518 4682 rr,
533 4618 610 4682 epist.
629 4619 661 4674 ti
677 4635 686 4673 r
701 4615 796 4670 Adha-
850 4612 898 4669 lih.
914 4628 952 4680 rx,
967 4613 1047 4683 epist.
1064 4613 1112 4679 ¹53
1127 4611 1162 4667 ad
1176 4611 1261 4666 lilium
1283 4620 1372 4665 autem
1387 4608 1449 4664 data
1463 4615 1506 4665 est
1518 4609 1598 4678 epist.
1613 4611 1644 4681 l,

105 4685 230 4740 mharium
244 4688 401 4754 membrum,
416 4689 524 4742 transitu
534 4689 717 4759 interjacente5
743 4686 795 4741 sod
851 4683 899 4738 lib.
915 4698 972 4738 rrrr.

105 4763 189 4810 umet
210 4757 369 4824 tubulorum,
394 4768 542 4829 conceptum
564 4774 683 4829 uaporem
697 4704 795 4814 mittini
885 4750 1316 4822 ‘¹llassiliamcthqnasSestios.
1329 4748 1533 4807 Massiliensium
1548 4748 1643 4805 urbem

105 4837 200 4881 asserta
213 4826 262 4880 lruc
276 4828 338 4881 iiiuc
348 4830 441 4899 dipcrit
456 4838 479 4884 et
493 4829 634 4886 ministrat.
849 4823 1083 4880 aPhocaasasihus
1092 4822 1162 4877 Asiae
1174 4823 1278 4893 populis
1291 4823 1425 4878 conditam
1436 4828 1550 4876 constat.
1562 4818 1642 4876 illino

849 4906 939 4951 antem
955 4893 1062 4952 lterum
1075 4903 1203 4960 cesarie,
1218 4892 1402 4957 Phocacnsss,
1414 4905 1435 4946 a
1450 4891 1563 4946 Phocaea
1577 4891 1644 4947 urbe

849 4964 936 5089 {isim
951 4964 1022 5091 adiund
1033 4964 1310 5091 ιἴωιιιδῑὲἱιῐῆιιιἰιιιιιιιι.
1325 4978 1339 5016 a
1354 4961 1480 5044 Phocide,
1491 4976 1554 5087 quc
1568 4960 1642 5031 regio

115 5069 121 5079 ·
219 5087 224 5100 .
433 5071 438 5081 ·
479 5071 486 5088 ι
617 5070 624 5085 ·
669 5090 676 5103 ,
860 5037 939 5091 urtin
978 5050 1076 5098 eac.
1164 5034 1473 5100 muti,etiamantiur,
1513 5042 1643 5088 trocarses

104 5067 654 5211 tinnecructuationem
669 5112 676 5128 ·
692 5072 726 5128 ⁶⁶
740 5088 793 5143 ‘¹¹¹²
849 5048 1641 5232 tttrumentumntatnitninct

104 5237 192 5295 lanius
207 5239 356 5319 Narbonem
373 5239 437 5294 oiim
455 5239 601 5309 proiectus,
621 5250 682 5297 curn
697 5243 793 5299 humo·
847 5246 949 5302 calidas
971 5260 1066 5301 omncs
1088 5259 1172 5314 suas
1195 5215 1337 5310 diichnnt,
1365 5244 1399 5299 ab
1423 5243 1476 5298 iliis
1497 5243 1641 5310 Campanis

107 5316 216 5380 coeptus
237 5309 395 5378 habitusque
409 5322 481 5365 essct
500 5311 683 5380 aconsenrto,
701 5313 795 5370 decre·
848 5305 980 5383 omnium,
993 5328 1024 5371 ut
1036 5317 1173 5384 Euoapius
1186 5318 1291 5382 scribit,
1307 5325 1363 5370 toto
1379 5314 1444 5369 orhe
1456 5311 1640 5368 nobilissimis.

105 4926 606 5069 ..iiiiiiindicibili
621 4930 702 5058 till.
715 4939 795 5072 itt}

105 5379 191 5448 sospiti
211 5395 260 5435 suo
275 5382 386 5448 gratiam
407 5382 463 5436 suis
483 5381 606 5437 versibus
629 5384 793 5509 regendam
848 5387 937 5454 Quare
951 5388 1035 5457 equis
1054 5388 1163 5453 Sertiis,
1180 5386 1250 5454 qtrod
1273 5388 1300 5442 in
1321 5385 1353 5441 iis
1373 5379 1642 5445 sternutamentis

105 5447 161 5504 rior
173 5449 218 5504 ilie
241 5451 344 5518 aliquot
364 5455 511 5505 saratinum
534 5454 635 5522 eclogia
677 5454 794 5510 idonium
850 5458 931 5513 etiam
945 5471 1042 5512 nomen
1057 5456 1160 5528 obtigit.
1176 5455 1281 5513 Sensim
1294 5463 1383 5512 atatem
1396 5469 1412 5508 a
1425 5453 1516 5507 Sestio
1528 5449 1642 5506 Calvino

105 5520 169 5574 urit.
191 5520 258 5576 Tum
279 5536 342 5590 ergo
362 5535 470 5576 carmen
492 5521 542 5578 iroc.
561 5523 594 5578 nd
616 5523 689 5578 ilium
712 5524 794 5592 misit,
849 5527 1121 5599 dictas,quiprimns
1135 5527 1228 5585 orbern
1248 5525 1321 5581 iliam
1337 5536 1414 5578 muro
1434 5521 1529 5584 cinxit,
1547 5533 1642 5575 omncs

104 5591 225 5645 trhoosm
249 5592 368 5647 nririilcis
392 5592 525 5656 laudibus,
548 5593 595 5647 sed
619 5609 671 5649 non
693 5595 744 5651 alia
766 5610 797 5652 re
848 5600 1031 5654 consentiunt.
1060 5599 1125 5669 llius
1157 5610 1237 5670 porro
1262 5594 1375 5649 colonius
1398 5605 1458 5660 quae
1485 5590 1642 5660 metropolis

105 5663 281 5732 commendat,
297 5677 375 5735 quom
389 5662 460 5734 quod
474 5661 635 5722 Consentius
655 5667 727 5722 eires
748 5681 795 5723 no·
848 5678 889 5726 cst
920 5667 1065 5740 prouinciae
1109 5683 1128 5724 n
1169 5661 1376 5730 Narbonensis,
1413 5661 1548 5734 egregium
1590 5661 1643 5717 boc
