3788 6120
124 243 175 299 'lib

125 363 207 419 lictis
219 372 233 402 ¹
245 363 286 420 irs
296 363 404 433 jubens,
418 364 483 419 satis
497 361 637 432 pudendis,

124 453 200 510 Villis
214 455 421 510 versicoloribus
436 462 549 522 tapetas.

158 541 243 599 llam
257 559 322 599 sero
332 543 501 614 juvenalibus
515 541 631 612 peractis

123 634 208 702 Quem
221 644 246 690 te
257 634 406 704 praebueris
420 643 549 705 sequente
563 633 588 686 in
604 647 673 701 mro,

123 725 195 780 lntra
211 736 223 765 ⁰
243 726 331 780 adium
346 726 432 781 soceri
448 726 500 780 mei
513 724 648 794 expetitus

123 817 221 874 Curam
233 832 294 873 cum
309 804 463 873 moderatus
477 831 505 872 es
522 816 615 885 palati,

123 908 230 965 cbartis
244 908 435 979 posterioribus
449 908 599 978 loquemur,

123 999 153 1057 Si
165 1001 224 1071 plus
238 999 402 1069 temporibus
417 1007 494 1053 vacat
509 997 614 1052 lutaris.

124 1091 199 1148 Nunc
209 1090 223 1130 l
235 1105 314 1162 quam
327 1089 442 1145 disimus
455 1087 676 1158 hospitalitatem,

124 1180 219 1237 Paucis
232 1189 358 1250 personet
370 1179 522 1249 obsequens
534 1176 640 1233 Tbalia.

158 1272 279 1328 Odulris
294 1271 399 1336 domus,
413 1269 477 1339 opii
491 1269 620 1340 penates!

124 1364 199 1433 Quos
212 1377 256 1418 res
270 1361 386 1416 dildcilis
400 1361 504 1430 sibique
516 1357 631 1423 discors,

124 1453 248 1510 Libertas
262 1453 341 1509 simui
356 1451 454 1508 esculit
467 1449 615 1521 pudorque.

124 1544 296 1612 Ooontisia,
309 1543 414 1608 tabulas,
429 1541 523 1606 libelli,

125 1637 216 1705 Risus,
232 1639 354 1702 serietas,
369 1635 535 1698 dicacitates,

124 1728 269 1794 Occursus,
282 1725 425 1782 comitatus
439 1738 507 1779 unns
523 1722 609 1779 idernl

124 1819 177 1875 Seu
191 1818 303 1873 delubra
315 1816 362 1871 Dei
376 1814 489 1870 calenda
505 1811 594 1878 nobis,

123 1907 186 1965 Sive
203 1907 235 1963 ad
249 1905 399 1977 pontillcem
413 1902 512 1974 qradus
528 1899 640 1970 lzrendi,

124 1996 186 2054 Siue
199 1996 232 2052 ad
242 1995 359 2051 culmina
373 1986 604 2064 biarcii'llyronis,

124 2087 207 2144 Tecta
221 2087 333 2142 illustria
344 2101 391 2142 seu
405 2083 520 2140 ridenda
535 2083 593 2139 Liri
608 2102 615 2137 z

125 2177 188 2233 Sire
199 2177 232 2233 ad
247 2175 392 2244 doctiloqui
406 2174 505 2230 Leonis
518 2172 601 2241 edes,

124 2269 184 2336 Quo
199 2267 241 2341 bis
252 2281 301 2321 ser
316 2265 419 2321 tabulas
433 2263 548 2321 docente
560 2263 640 2334 juris,

126 2361 202 2417 Ultro
215 2358 341 2414 ctaodtus
355 2356 458 2428 appias
468 2363 579 2421 taceret,

124 2447 205 2506 Claro
217 2449 355 2504 obscurior
369 2448 396 2503 in
412 2447 603 2503 decemviratu.

126 2541 162 2595 dt
174 2539 198 2595 si
212 2538 285 2595 dicat
298 2550 374 2608 epos,
389 2545 556 2606 metrumque
571 2532 713 2613 rltytblmis.

125 2631 229 2688 Plectat
242 2628 418 2697 commaticis,
435 2637 543 2683 tonante
557 2627 672 2697 plectro,

123 2719 204 2793 ΕΠ
216 2721 367 2776 llordacem
383 2718 464 2775 iaciat
476 2718 558 2774 silere
573 2716 714 2778 l'laccum3

124 2811 250 2878 Quamvis
265 2819 326 2881 post
343 2810 439 2866 satiras
450 2809 589 2880 lyramque
607 2806 700 2863 tendat

123 2901 169 2958 ttta
183 2901 216 2957 ad
232 2902 403 2957 Pindaricum
418 2900 511 2957 solare
524 2915 648 2972 cycnum.

159 2992 213 3049 Seu
225 3007 285 3062 nos,
298 2993 400 3061 ltaque,
417 3000 479 3048 tuus
490 2978 570 3047 iaror
581 2991 700 3061 tenebat,

125 3084 215 3140 lloltis
227 3084 338 3154 praedite
351 3084 457 3140 dotibus
472 3085 601 3152 uirorum,

125 3172 233 3239 Parma,
250 3172 399 3241 nobilitate,
415 3182 516 3241 mente,
531 3186 627 3229 cerasa.

123 3261 206 3333 Cujus
220 3263 241 3318 si
255 3261 345 3318 sorios
359 3276 418 3318 eam
434 3277 482 3332 per
494 3271 589 3318 actus:

123 3352 237 3409 Centum
254 3361 282 3409 et
296 3352 381 3407 semaa
396 3352 478 3408 lasset
491 3366 539 3407 ora
554 3352 641 3410 lande.

123 3441 265 3509 Constans,
280 3443 444 3512 ingeniosos,
460 3433 618 3516 alterique,

123 3534 244 3591 Prudens
255 3534 367 3602 arbiter,
381 3535 496 3606 optimus
512 3536 688 3608 propinquus,

123 3625 163 3681 llil
180 3625 307 3682 fraudans
320 3626 391 3696 qenii
405 3625 457 3682 sibi
469 3627 511 3682 sel
527 3627 582 3694 ulli,

124 3713 267 3785 Personas,
279 3717 337 3771 loca
350 3725 455 3786 tenipus
470 3715 610 3772 intuendo.

158 3805 212 3859 Seu
227 3819 276 3859 uos
287 3807 353 3860 atris
366 3817 455 3861 restra
469 3806 655 3875 continebant,

124 3893 277 3950 llarcelline
290 3907 376 3964 meus,
393 3897 478 3966 peritc
490 3894 595 3966 leynm3

752 241 875 300 stborttt
896 238 1122 296 APOLLlNdeS

923 359 1012 427 A'Qui
1026 375 1106 414 verax
1121 360 1210 428 nimis,
1225 367 1253 415 et
1268 358 1345 415 nimis
1360 374 1480 429 seierus,

963 459 1049 521 Asper
1062 452 1179 507 crederis
1191 465 1251 507 esse
1265 452 1394 507 nescienti
1408 469 1416 517 ;

964 545 997 599 dt
1010 544 1033 599 si
1046 551 1072 598 te
1083 544 1152 599 bene
1162 543 1292 613 quispiam
1308 543 1440 612 probarit,

964 631 1055 687 Nescit
1067 633 1130 701 qnid
1142 635 1206 688 uelit
1220 634 1277 704 ipse
1291 632 1424 702 iudicare.

963 723 1030 779 Nam
1045 739 1177 794 nunqnam
1192 725 1289 781 metatis
1302 725 1373 795 loqui
1388 723 1459 795 quod
1474 738 1581 792 sequium
1596 729 1649 791 est,

964 814 993 871 st
1007 825 1033 870 te
1044 816 1114 883 Sylla
1131 826 1244 887 premat,
1257 817 1382 887 ferusque
1394 815 1481 872 Carbo
1495 832 1503 883 ;

963 905 992 963 Si
1007 907 1096 962 tristes
1111 908 1195 973 ilarii,
1210 916 1350 979 trucesque
1363 906 1467 974 cinno,

963 996 998 1053 Et
1011 999 1033 1052 si
1048 997 1115 1053 sorte
1131 1006 1204 1052 tuum
1217 1007 1297 1068 caput
1310 999 1433 1069 latusque

966 1087 1146 1145 circumstent
1160 1088 1241 1158 gladii
1257 1090 1448 1147 triumvirales.

998 1180 1051 1235 San
1065 1194 1113 1235 nos
1126 1178 1249 1250 Limpidii
1263 1179 1333 1234 lares
1349 1161 1494 1245 trabebant,

942 1270 1035 1327 xCitis
1046 1270 1190 1341 magnifici,
1207 1270 1309 1338 virique
1323 1271 1432 1336 summi,

963 1360 1120 1417 Fraternam
1131 1360 1199 1416 bene
1213 1360 1331 1429 regulam
1347 1360 1483 1432 sequentis
1497 1377 1505 1429 ;

964 1449 1019 1507 Seu
1033 1464 1083 1504 nos
1093 1449 1183 1504 eximii
1198 1449 1276 1503 simul
1292 1449 1402 1506 tenebat

962 1540 1078 1598 Nectens
1091 1541 1244 1595 olticiositas
1256 1525 1365 1606 limini,
1386 1526 1389 1533 ¹

963 1629 1044 1700 Cujus
1059 1630 1186 1685 sedulitas
1198 1629 1376 1701 sodalitasque

925 1706 1074 1780 BAEterna
1090 1722 1153 1777 mibi
1167 1722 1246 1779 laude
1260 1731 1323 1778 sunt
1334 1721 1472 1790 colendae3

963 1810 1046 1884 We
1059 1812 1113 1869 Seu
1128 1827 1301 1884 quoscunque
1315 1811 1383 1867 alios
1397 1812 1487 1869 sidere
1501 1810 1597 1870 fratros

963 1900 1044 1957 Cordi
1060 1902 1164 1970 uitrique
1179 1901 1237 1970 luit,
1253 1900 1349 1972 quibus
1364 1915 1474 1958 uacasse

965 1990 1138 2047 Laudandam
1152 2008 1215 2047 reor
1228 1991 1442 2063 occupationem.

963 2084 1065 2150 florum
1080 2082 1190 2138 nomina
1204 2096 1264 2137 cum
1277 2081 1379 2138 referre
1389 2096 1469 2137 versu

965 2174 1083 2231 abactas
1096 2173 1196 2243 cupiat,
1213 2181 1327 2229 metrum
1343 2184 1460 2230 recusat.

1001 2264 1069 2320 llitte
1083 2278 1132 2319 nos
1146 2263 1179 2318 ad
1194 2263 1328 2333 propriam
1342 2262 1451 2319 domum
1467 2262 1591 2328 vocabas,

964 2354 1031 2410 Cum
1046 2369 1124 2409 mane
1138 2352 1239 2409 exierat
1253 2367 1364 2418 norum,
1380 2359 1410 2408 et
1423 2351 1561 2408 calescens

965 2446 1063 2501 liuram
1077 2446 1117 2501 sol
1132 2445 1213 2500 dabat
1227 2444 1339 2501 alteram
1356 2442 1513 2501 meandum.

965 2536 1015 2592 llic
1025 2551 1150 2607 promens
1163 2544 1261 2593 teretes
1273 2536 1339 2607 pilas
1350 2534 1521 2606 troebosquc,

966 2627 1016 2683 illc
1030 2627 1098 2682 talos
1110 2626 1302 2697 crepitantibus
1315 2626 1425 2692 fritillis,

965 2717 1021 2773 Nos
1034 2717 1068 2772 ad
1082 2717 1192 2774 verbera
1204 2728 1336 2772 tractuum
1350 2727 1494 2782 stmentes,

967 2807 1105 2880 'lanqoam
1118 2807 1278 2877 Naupliades
1291 2815 1413 2877 repertor
1426 2806 1503 2877 artis,

969 2899 1110 2956 Gaudebas
1123 2897 1234 2953 hilarem
1249 2896 1322 2952 ciere
1337 2897 1433 2953 risam.

966 2991 1034 3049 llirte
1048 2990 1081 3047 ad
1096 2990 1189 3046 balnea
1203 3004 1257 3046 non
1273 2987 1434 3058 Neroniana,

927 3067 952 3133 C
967 3085 1022 3142 Nec
1034 3099 1093 3156 qua
1108 3083 1224 3153 Agrippa
1236 3081 1321 3151 dedit,
1335 3082 1377 3138 rel
1390 3081 1436 3138 ille
1448 3080 1525 3153 cuy'us

964 3178 1074 3233 antum
1089 3175 1242 3231 Dalmaticae
1254 3174 1347 3230 rident
1359 3174 1466 3231 salonae
1481 3191 1488 3228 ι

964 3264 1005 3323 Ld
1018 3266 1135 3320 sternas
1151 3272 1240 3319 tantm
1252 3263 1349 3319 iresed
1363 3262 1473 3332 libebat,

964 3354 1072 3411 Privato
1085 3353 1154 3410 bene
1167 3353 1292 3423 praebitas
1308 3352 1413 3422 pudori.

965 3444 1031 3501 Post
1040 3458 1106 3515 quas
1119 3457 1169 3500 nas
1184 3454 1226 3499 tua
1242 3443 1347 3512 meula,
1362 3450 1389 3498 et
1401 3451 1505 3512 tuarum

964 3536 1100 3592 ldusamm
1119 3533 1223 3591 medius
1239 3542 1315 3590 torus
1329 3532 1460 3589 tenebat:

964 3628 1063 3696 Quales
1078 3641 1127 3683 nec
1141 3634 1242 3682 suturas
1257 3626 1452 3696 imaginesque,

965 3721 1043 3789 AEre,
1055 3728 1102 3776 aut
1116 3719 1305 3787 marmoribus,
1318 3718 1508 3789 coloribusque

965 3811 1080 3876 Mentor,
1095 3809 1255 3877 Praxiteles,
1270 3809 1372 3879 Scopas
1384 3807 1516 3864 dederunt
1531 3822 1539 3862 ε

965 3903 1084 3970 Quantas
1096 3914 1147 3958 neo
1159 3899 1312 3972 Polycletus
1326 3901 1383 3971 ipse
1397 3899 1486 3967 duxit,

161 4054 247 4110 'NPP
270 4053 355 4136 ⁸⁰¹¹‚lfll
377 4053 491 4122 'limfis
515 4055 561 4111 ⁵⁸¹1
576 4056 652 4111 victis
674 4057 752 4112 etiarn
772 4058 911 4126 pramtom
1005 4073 1016 4103 ο
1040 4061 1109 4116 Auiti
1132 4059 1316 4128 imperatoris,
1341 4059 1417 4126 cuins
1437 4071 1530 4113 curam
1557 4054 1650 4127 palatii
1673 4043 1811 4126 perid

125 4125 232 4196 aliquod
246 4126 333 4179 solato
348 4138 429 4180 eausa
443 4125 500 4179 dari
517 4140 574 4180 mos
594 4126 652 4180 luit.
669 4126 825 4183 Ambrosius
839 4129 886 4184 bb.
903 4147 911 4186 ι
965 4132 1141 4198 Consentius,
1164 4139 1191 4184 ut
1211 4129 1332 4198 Equitius
1350 4130 1413 4183 alim
1430 4128 1565 4193 Valentis,
1581 4120 1811 4183 Constantind

124 4197 160 4254 de
174 4195 349 4260 Ptenitcntia,
364 4209 424 4263 cap.
436 4197 474 4250 3:
493 4194 561 4248 Nam
573 4211 640 4264 sape
657 4197 686 4272 iu
699 4195 746 4248 icoc
758 4197 912 4255 athletarum
966 4201 1094 4267 lionorii,
1108 4200 1200 4256 ¹letius
1212 4200 1333 4256 ioannis.
1349 4198 1407 4267 Quo
1422 4212 1533 4254 munere
1546 4197 1594 4265 qni
1608 4196 1809 4267 iungeban‘

125 4267 243 4324 wasleri
256 4266 393 4319 certamine
409 4268 486 4318 etiam
502 4265 580 4318 pictas
596 4280 702 4336 quarunt
715 4266 810 4337 fuerint
826 4279 911 4324 certa·
966 4281 1019 4338 tur,
1035 4270 1196 4340 curopalates
1209 4279 1301 4338 postea
1319 4283 1422 4323 somma
1434 4282 1495 4323 eum
1509 4268 1673 4322 auctoritate
1692 4255 1798 4322 αῑριί

124 4341 193 4393 staina
208 4335 325 4404 prolata,
336 4332 424 4404 arcique
436 4335 565 4388 bominum
577 4350 633 4388 autu
643 4335 778 4391 meroribus
788 4352 910 4395 corottare
965 4354 1026 4396 stant
1042 4343 1067 4395 in
1083 4343 1144 4396 aula
1156 4340 1287 4403 Orientis,
1303 4345 1348 4399 τήν
1364 4339 1474 4412 φυλακήν
1490 4346 1537 4398 τῆς
1549 4337 1629 4397 αὐλῆς
1644 4338 1788 4402 taranta

124 4407 268 4470 wttwett'lt
290 4407 400 4459 mxime
418 4421 479 4473 tl¹⁸⁰⁸
500 4406 608 4469 ”merlis
631 4413 675 4459 ⁰¹¹1
695 4409 760 4474 {orte
786 4406 845 4462 data
867 4420 911 4464 aut
965 4413 1114 4482 στευμένοι,
1131 4418 1159 4465 ut
1171 4410 1264 4464 scribit
1275 4409 1402 4479 Euagrius
1414 4409 1460 4461 ttb.
1476 4421 1501 4472 r,
1518 4409 1542 4466 l.
1558 4417 1586 4460 et
1602 4410 1629 4460 in
1641 4405 1780 4463 Francis

124 4478 216 4550 {raude
233 4477 349 4530 reclamas
362 4475 478 4529 uictoria.
498 4474 535 4529 lta
557 4476 661 4545 linqunt
680 4476 707 4529 iu
724 4479 913 4535 certaminibus
926 4471 952 4532 b
966 4483 1080 4550 naajores
1090 4481 1195 4535 donnus.
1210 4479 1403 4547 Predeqarlus:
1420 4477 1595 4532 Waradaaem
1607 4477 1634 4530 ta
1651 4467 1785 4531 Europa

125 4549 182 4601 suis
194 4548 340 4607 llnmerus,
356 4545 497 4617 Virgilius,
512 4544 631 4609 Statius,
646 4546 736 4603 Silius.
751 4546 785 4601 lit
798 4549 912 4604 scenicis
964 4552 1047 4605 loriam
1062 4553 1184 4624 asajoreor
1203 4548 1294 4602 damas
1311 4547 1506 4602 constituerunt.
1529 4544 1594 4599 b'rat
1611 4540 1775 4600 Waradatss'

124 4615 194 4671 lodis
209 4615 271 4694 lolii
293 4615 423 4681 (lusoris,
443 4615 470 4670 in
490 4616 586 4686 quibus
606 4615 733 4671 Laberius
753 4625 781 4672 et
803 4618 912 4675 Publius
963 4621 1098 4690 pitius,qsi
1110 4621 1162 4675 uice
1173 4619 1351 4689 patrissaram
1362 4616 1572 4688 patatttperetat,
1584 4615 1772 4672 rossineGis·

124 4686 208 4757 Syrus
219 4698 359 4737 munorum
371 4696 455 4751 poetae
466 4692 681 4751 certarunt,cum
691 4695 831 4756 superatus
841 4697 914 4745 esset
964 4693 1084 4745 lemarus.

125 4754 269 4834 Laberius,
290 4752 379 4807 Caesar
398 4756 466 4824 Syro
481 4758 574 4810 uictori
586 4758 728 4824 palmam,
743 4758 813 4811 ricto
825 4773 912 4815 annu·
998 4757 1013 4798 ἃ
1028 4761 1090 4814 llaec
1104 4757 1174 4814 enirn
1188 4757 1237 4822 illi,
1254 4767 1281 4812 ut
1297 4755 1423 4826 praelatus
1435 4765 1491 4820 est,
1503 4753 1643 4810 scribendi
1659 4755 1758 4811 eantu-

124 4825 179 4880 lom
200 4823 288 4886 dedit,
308 4830 339 4875 nt
353 4830 394 4877 est
413 4823 482 4894 apud
504 4825 664 4880 Macrobium
684 4826 731 4881 lib.
746 4841 765 4881 ιι
783 4826 913 4884 Saturna·
964 4833 1006 4885 nis
1022 4831 1070 4885 brit
1084 4829 1200 4883 occasio.
1215 4826 1348 4883 Laudibus
1365 4840 1445 4897 porro
1458 4825 1596 4880 Cosrsentii
1611 4839 1692 4880 more
1709 4837 1756 4880 suo

125 4894 189 4949 ¹¹⁰¹¹¹
203 4896 230 4948 7·
280 4963 285 4974 .
300 4962 307 4975 .
963 4901 1111 4955 amicorum
1127 4899 1212 4968 elogia
1228 4899 1344 4953 breviter
1357 4896 1492 4965 adiungit,
1506 4895 1643 4950 clarorum
1659 4895 1753 4950 cisium

163 4963 177 5002 b
192 4962 308 5018 ³⁰l⁰¹¹¹¹¹
321 4971 408 5018 Μ’
425 4961 507 5018 P¹²¹l0
525 4963 595 5033 ll¹¹⁰tl
609 4966 738 5034 sequitur,
752 4977 869 5034 sequemc
884 4969 912 5024 io
963 4970 1184 5025 Narbonensium.
1201 4969 1272 5022 inter
1285 4982 1351 5035 qnos
1367 4967 1439 5027 Leo,
1454 4965 1563 5034 llaqoos
1583 4975 1612 5020 et
1624 4964 1752 5019 llaroelli

124 5047 187 5096 eoo,
204 5035 268 5085 satis
284 5035 352 5087 lianc
373 5035 620 5103 interpretationem
635 5035 793 5102 confirmat,
808 5036 910 5094 doctis·
963 5055 1028 5104 noa,
1047 5054 1080 5094 «ιι
1097 5039 1157 5093 attis
1177 5037 1244 5092 1001,
1258 5039 1312 5091 „op
1327 5043 1407 5099 simu
1424 5035 1558 5107 Myronis,
1577 5031 1715 5104 Lymppppy
1730 5042 1751 5087 ει

123 5105 306 5169 ⁸⁵¹⁰⁰f¹¹¹ffl¹¹¹⁰
325 5105 442 5157 ’¹¹¹⁰''ffl'
457 5119 575 5159 “sillem
595 5105 747 5174 redarguit,
768 5107 815 5176 qui
831 5108 913 5163 tora·
964 5109 1077 5173 Marini,
1099 5122 1169 5163 nune
1183 5108 1296 5174 primum
1311 5108 1418 5160 nomina
1441 5106 1624 5160 celebrantur.
1636 5103 1751 5172 itemquo

124 5173 200 5227 nales
214 5172 293 5226 ludos
314 5173 365 5227 boc
379 5173 437 5227 loco
450 5175 574 5241 suspicati
589 5183 668 5237 suntt
681 5189 742 5231 cum
757 5177 912 5233 meminisse
965 5179 1031 5234 Livii
1052 5179 1162 5245 insignis
1180 5178 1239 5244 cias
1259 5177 1308 5231 reri
1333 5185 1435 5244 poetae,
1459 5188 1538 5243 quem
1562 5173 1655 5226 laudat
1676 5186 1751 5227 etiam

125 5250 255 5312 praterea
274 5241 416 5297 debuerint
429 5241 566 5298 larrenalia
587 5244 685 5300 diuersi
708 5261 723 5299 s
745 5245 912 5303 circensibus
963 5260 1055 5303 artetur
1069 5247 1129 5301 vita
1143 5247 1234 5302 llilarii
1250 5246 1425 5310 Arelatensis,
1440 5258 1500 5298 curn
1515 5243 1612 5297 Hilarii
1627 5243 1752 5312 eloquen-

123 5315 231 5381 generis
242 5311 319 5367 ludos
334 5312 423 5366 luisse.
440 5312 574 5366 luvenalis
588 5329 652 5383 erqo
663 5315 772 5370 Sidonio
783 5317 911 5372 dicuntur
963 5319 1026 5372 tiam
1042 5317 1210 5385 peritissime
1221 5318 1259 5370 ait
1274 5324 1336 5370 tnnc
1349 5314 1479 5378 temporis
1491 5313 1651 5367 auctoribus
1664 5312 1751 5366 saculi

123 5383 269 5450 ittvcnilia,
289 5380 413 5452 iuuenilis
435 5382 522 5436 aetatis
543 5385 640 5438 stadia.
667 5383 813 5454 litiumque
836 5388 908 5441 enim
962 5388 1176 5456 desperationem
1197 5385 1327 5441 intulisse.
1343 5382 1376 5438 ln
1389 5392 1503 5449 tantam,
1520 5383 1623 5452 inquit,
1638 5390 1666 5435 aas
1679 5381 1752 5452 bajas

126 5454 274 5518 prontiseue
290 5451 443 5508 mittebas
460 5451 619 5520 antiquarii;
639 5461 666 5508 et
684 5456 753 5523 apud
771 5457 907 5511 Sidonium
962 5458 1114 5526 temporibus
1130 5456 1217 5510 Lusius
1233 5465 1306 5526 poeta
1323 5463 1347 5508 et
1357 5463 1446 5508 autor
1459 5453 1566 5522 iusiqnis
1580 5452 1685 5523 publice
1696 5467 1753 5521 pra-

125 5522 212 5644 ἰίῑίξῑῑὶῗ
223 5524 270 5646 stibi
286 5538 311 5606 ¹:
326 5524 404 5645 edlsyg
419 5524 451 5584 2,
461 5522 576 5644 jyyyytoli
591 5522 699 5647 ννὺονΙςῦ
710 5541 764 5579 ιιοιι
780 5526 907 5651 y'ysentillij
961 5529 1082 5609 clamaret
1094 5542 1103 5579 .·
1113 5526 1150 5608 'st
1161 5524 1318 5597 dapustinsa
1328 5534 1386 5596 post
1398 5523 1530 5579 Hilarium
1539 5521 1645 5594 luisset,
1651 5522 1756 5593 judita-

166 5630 172 5643 ·
323 5609 336 5645 u
369 5609 404 5644 it
454 5609 480 5644 us
539 5607 548 5654 ;
703 5633 709 5646 .
756 5637 763 5658 ‚
897 5626 909 5636 .
1153 5634 1160 5650 ⁸

125 5665 176 5715 lats
184 5609 498 5734 jaieaitiusaer'iptamaast
510 5662 536 5716 iu
552 5593 782 5734 ltssffidt'aisqite.
799 5638 807 5664 ’
823 5596 866 5667 [aa
887 5611 895 5650 ι
962 5607 1029 5651 mm
1043 5600 1149 5668 'mmor
