3788 6120
138 260 194 315 aas
876 260 1036 320 chedma,
1724 269 1775 328 tte

137 380 203 430 sons
217 392 290 447 cuque
302 357 448 447 plusculum
461 376 524 432 iocis
538 377 577 431 lar
591 377 726 447 {occultioris
736 377 867 443 incolitur,
881 392 932 431 non
947 379 973 437 Α
986 377 1078 433 Sudati
1093 376 1127 434 de
1139 392 1200 434 rore
1215 378 1281 436 meri
1299 396 1306 432 ι
1322 390 1400 451 caput
1414 394 1494 438 aurea
1508 391 1634 452 rumpunt

135 469 236 524 idcirco
257 477 311 523 torn
335 466 406 521 nolis
433 466 547 522 animum
568 467 692 522 dissidere
716 484 791 539 quana
812 470 931 537 paulum.
986 468 1102 535 Cornua,
1118 477 1146 526 et
1160 469 1310 541 indigenam
1324 471 1475 541 jaculantur
1488 462 1718 544 lulmirris'igncm.

138 558 226 613 Habes
240 573 300 629 ergo
314 557 356 610 bic
367 554 521 626 Dionysium
539 555 605 609 intcr
619 556 742 627 triumphi
764 555 849 611 ludici
864 557 934 611 otic-
984 558 1139 629 Sumpserat
1150 559 1201 616 lroo
1213 561 1327 631 primum
1342 575 1465 631 nascens,
1481 577 1542 619 cum
1556 564 1661 620 transiit
1673 564 1737 619 olinr

135 657 265 703 ctununtu
280 654 449 712 marcentem
463 645 540 701 babes
550 656 574 701 et
586 645 723 715 Plinium,
735 663 808 719 quern
821 646 866 701 tilri
874 649 935 719 jura
984 649 1013 704 ln
1029 650 1142 722 patrium
1157 650 1191 707 de
1202 659 1287 706 matre
1300 649 1401 717 lemur;
1417 651 1469 707 lert
1480 662 1582 724 tempus
1595 663 1737 727 utrumque

136 740 237 808 poetice
260 736 412 807 inquitirmm
427 735 525 804 luctum
546 745 643 793 constet
662 753 695 792 es
716 737 819 792 numine
835 751 845 792 .·
859 736 933 791 illum
985 740 1060 805 Veris
1075 755 1158 812 opes,
1174 741 1322 812 rutilosque
1334 741 1397 813 ligat
1410 741 1543 799 vindemia
1559 743 1647 801 bores.

133 830 232 885 scitircs
246 827 388 895 Phoebum,
406 827 555 882 elrttcdii
568 829 618 883 met
633 827 845 900 perfamiliarem,
859 828 934 898 cujus
983 832 1131 890 Cantharns
1147 842 1173 888 et
1194 833 1301 907 thyrsus
1315 833 1410 890 dextra
1426 834 1545 905 laevaque
1560 836 1699 894 lerunnn:

135 919 246 990 collegio
260 919 299 973 sir
312 918 460 990 prefectus,
475 933 526 972 nen
541 916 617 973 modo
631 919 739 973 musicos
752 932 875 989 quosque,
889 932 932 971 oc·
982 921 1037 979 Nec
1052 924 1115 994 tegit
1129 932 1265 993 exsertos,
1280 924 1328 982 sed
1343 924 1426 996 tangit
1439 925 1508 996 palla
1524 926 1647 982 lacertos.

134 1026 193 1063 rum
206 1010 284 1065 ctiam
297 1018 452 1080 geometras,
472 1008 646 1064 unrbmctims
661 1017 684 1064 ct
701 1008 842 1079 astrologos
855 1007 933 1063 disse·
983 1012 1065 1086 Dulce
1077 1015 1263 1084 antemurali,
1276 1014 1377 1086 quossi
1392 1014 1447 1072 lors
1461 1024 1548 1073 uertat
1560 1017 1587 1072 in
1603 1017 1664 1074 bost
1680 1032 1719 1084 m,

135 1099 213 1155 rendi
227 1109 281 1155 crte
299 1099 453 1170 superuenit.
472 1098 607 1169 Siquidem
628 1100 729 1154 unitum
751 1100 797 1153 lucc
819 1099 932 1154 cunctim
982 1101 1115 1160 Attonitos
1128 1104 1214 1160 solnm
1226 1104 1289 1161 dum
1301 1105 1388 1161 cernit
1403 1103 1515 1163 inebriat
1528 1107 1617 1163 indos.

135 1198 294 1260 scrupcrtsm
306 1187 399 1242 tubere
412 1186 565 1251 semaraim,
575 1185 749 1256 colliridam
758 1188 857 1242 mutnet
867 1187 932 1242 olli·
982 1192 1049 1249 Tum
1062 1194 1174 1250 salebris
1187 1192 1287 1252 saliens
1301 1199 1405 1266 quoties
1415 1210 1445 1252 se
1458 1198 1576 1253 concutit
1587 1197 1657 1266 auis,

134 1297 204 1351 qun,
219 1279 282 1351 qnid
297 1279 457 1348 planetarum
472 1294 537 1349 ungu
545 1317 554 1346 ,
568 1277 632 1348 qnid
645 1279 743 1333 rustica
761 1294 852 1350 spurco
865 1294 932 1349 pror·
982 1283 1085 1340 Passim
1098 1285 1212 1342 deciduo
1225 1286 1393 1357 pertunditur
1405 1286 1491 1343 orbita
1507 1296 1606 1344 musto.

134 1370 249 1425 uncant.
263 1367 333 1425 Nam
344 1370 391 1436 itu,
404 1376 432 1423 st
447 1369 484 1423 sic
496 1369 617 1436 dicerint,
628 1367 670 1423 tis
685 1369 802 1424 membris
814 1369 929 1441 philoso-
981 1375 1147 1442 Bassaridas,
1163 1377 1284 1449 Satyros,
1304 1378 1400 1445 Panas,
1416 1377 1575 1449 Faunosque
1588 1378 1701 1436 docebat

135 1463 205 1533 ptris
216 1461 311 1528 claret,
327 1469 356 1515 st
368 1461 484 1516 uideatur
497 1460 561 1514 mibi
574 1459 675 1515 lulium
685 1457 838 1530 Tunicam,
854 1462 930 1518 Sum·
980 1463 1086 1522 Ludere
1098 1466 1222 1536 Silenus,
1235 1467 1292 1537 iam
1306 1467 1415 1524 numine
1427 1468 1523 1540 plenus
1537 1469 1659 1540 alumno,

132 1551 418 1619 nomenclationem
430 1550 577 1620 Vertacum,
588 1548 928 1624 Tullonirrmssnsruinum,
981 1555 1034 1613 Sed
1049 1566 1171 1628 comptus
1191 1565 1278 1614 tamen
1298 1558 1343 1616 illc
1356 1565 1451 1630 caput;
1471 1574 1534 1615 nam
1549 1562 1649 1619 uertice
1663 1562 1734 1619 oudo

132 1647 159 1701 in
173 1646 248 1702 titrts
261 1645 401 1700 mathaeus
413 1644 579 1716 peritissimos
591 1645 734 1701 conditores
746 1646 838 1715 ubsque
850 1646 926 1703 ister·
951 1687 953 1692 -
979 1646 1100 1705 Amissus
1113 1649 1192 1706 sertis
1205 1648 1294 1706 studet
1311 1665 1440 1709 excusare
1453 1652 1575 1724 capillos.

132 1745 214 1801 prete,
228 1735 329 1805 inperia
345 1743 444 1788 uncum
457 1733 626 1807 suffragante,
640 1735 769 1791 didicisse.
787 1735 844 1793 llos
854 1739 928 1795 snti-
941 1727 966 1790 B
978 1737 1107 1811 Corniger
1120 1739 1183 1797 inde
1197 1741 1259 1797 noui
1278 1741 1384 1814 Ganges
1396 1741 1426 1799 tit
1438 1757 1536 1815 pompa
1550 1745 1687 1816 triumphi.

130 1825 175 1897 piu
196 1824 322 1880 donnae
340 1825 420 1896 ipsias
443 1825 601 1891 odorantes,
625 1842 712 1882 curan
733 1842 827 1883 emero
847 1846 927 1902 cycno
978 1829 1099 1889 Cernuus
1113 1831 1247 1904 impexam
1260 1832 1355 1891 taciem
1368 1833 1443 1890 stetit
1456 1849 1504 1891 ore
1523 1834 1659 1902 madenti,
1672 1845 1700 1892 et

129 1930 241 1968 romans
261 1930 375 1970 anserem
394 1913 552 1985 profitemur.
577 1915 681 1986 Quirite
693 1919 806 1991 ammius
819 1923 927 1977 rncrorl
976 1920 1091 1978 Arentes
1103 1921 1197 1979 uitreis
1210 1921 1431 1992 adiuritssetibus
1443 1924 1538 1981 undas.

129 2001 248 2073 lisrgurn
267 2012 357 2075 tucn,
377 2021 428 2076 quo
437 2022 500 2079 ysre
516 2008 628 2063 amicum
640 2010 741 2078 dcent,
757 2028 840 2067 mcum
854 2014 926 2084 {scic
975 2012 1118 2082 conjectas
1132 2011 1159 2068 in
1171 2012 1258 2069 uincla
1274 2027 1369 2071 manus
1382 2022 1444 2086 post
1458 2022 1531 2086 terga
1545 2015 1665 2073 revinxit

127 2096 208 2166 pects
226 2097 310 2171 309
325 2097 424 2168 sciens,
440 2098 479 2154 ssl
492 2099 625 2156 materiam
638 2102 684 2158 siti
695 2118 750 2160 csse
760 2104 923 2178 placituram,
976 2101 1139 2171 Pampinus3
1159 2101 1204 2160 hic
1214 2102 1316 2161 sensim
1328 2105 1435 2175 captiuo
1448 2104 1561 2162 humore
1575 2105 1680 2163 retusus

125 2190 232 2245 etiamsi
243 2205 276 2246 cs
287 2190 369 2246 rabdo
383 2206 472 2262 posnan
484 2191 628 2263 displiceat.

406 2323 550 2381 cannati
563 2325 649 2382 xxtt.

341 2446 354 2476 ⁶
373 2451 474 2494 soncos
492 2451 582 2494 rosrrr
600 2453 717 2497 uuonan.

162 2570 276 2631 Bistonii
289 2570 425 2627 stabulum
439 2571 529 2640 regis,
543 2571 674 2629 Busiridis
688 2589 761 2645 aras,

122 2662 278 2733 hnriptrrtae
291 2674 414 2727 mensas,
428 2669 456 2718 et
470 2661 582 2718 Taurica
596 2678 678 2734 regna
694 2664 834 2732 Thoantis,

123 2758 217 2824 Atque
234 2751 317 2808 ithaci
331 2751 440 2823 ingenio
454 2747 605 2809 fraudatum
620 2754 680 2812 luce
693 2756 849 2828 cyclopem,

123 2842 282 2900 Portantem
296 2843 394 2898 lroutis
408 2858 502 2913 campo
519 2858 568 2914 per
580 2859 697 2901 concaua
711 2847 812 2904 montis

122 2935 178 2991 Par
193 2949 278 3004 prope
297 2933 438 2991 transfossi
452 2932 625 2991 tenebrosum
640 2936 749 2994 luminis
766 2946 882 3007 anorum,

122 3025 230 3096 ilospes
242 3023 297 3094 adi,
311 3024 395 3095 siquis
406 3024 523 3095 burgum
534 3026 664 3084 taciturus
675 3027 755 3084 adisti
767 3045 775 3084 a

124 3116 160 3172 Er
174 3117 240 3172 lieet
251 3115 278 3171 in
289 3128 398 3172 carmen
411 3128 465 3171 uon
477 3117 576 3188 passim
590 3117 660 3173 laxet
673 3117 791 3177 habenas

124 3207 264 3274 Phrebus,
280 3218 306 3264 et
318 3206 362 3262 hie
374 3207 437 3264 totis
451 3221 504 3263 non
518 3209 616 3279 pandat
631 3210 742 3265 carbasa
754 3211 845 3283 landi;

124 3298 246 3369 Quisque
260 3307 348 3355 tamen
363 3306 451 3354 tantos
463 3311 517 3354 non
535 3298 647 3356 laudans
659 3315 708 3359 ore
720 3308 829 3374 penates

125 3388 257 3460 inspicis,
273 3388 415 3457 inspiceris
428 3405 437 3444 a
450 3396 560 3446 resonat
572 3389 631 3447 sine
645 3406 710 3448 uoce
722 3394 844 3452 uoluntas
857 3414 864 3451 ε

124 3479 194 3536 uam
208 3485 253 3534 tua
268 3485 295 3535 te
309 3483 418 3534 tacitum
432 3478 517 3535 liuere
531 3479 638 3536 silentia
649 3482 776 3538 clamant.

163 3567 234 3639 Ergo
246 3583 306 3638 age,
319 3566 420 3624 Pierias
435 3568 516 3625 Scato
530 3570 595 3626 mihi
611 3581 718 3640 percute
730 3572 864 3633 chordas:

124 3749 245 3816 budam,
259 3754 288 3803 et
302 3747 416 3804 tremulo
429 3763 482 3803 non
495 3760 623 3819 rumpant
637 3754 743 3810 cantica
758 3753 838 3811 saltu.

976 2189 1078 2262 Sponte
1090 2190 1268 2250 refrondescit
1281 2207 1330 2263 per
1342 2193 1450 2251 brachia
1464 2196 1568 2253 roscida
1582 2196 1694 2268 palmes.

975 2285 1029 2342 Nee
1042 2301 1094 2343 non
1107 2295 1135 2343 et
1145 2287 1213 2358 rapti
1224 2286 1322 2359 conjux
1332 2289 1368 2346 ibi
1379 2289 1470 2346 uincta
1481 2291 1569 2347 mariti

975 2380 997 2435 lt
1010 2393 1119 2437 croceas
1132 2379 1246 2437 demissa
1260 2394 1354 2452 genas,
1370 2383 1505 2452 vetitaque
1518 2385 1625 2440 recondi

973 2473 1124 2543 lampade,
1139 2488 1200 2529 cum
1214 2474 1280 2531 solis
1292 2474 1376 2531 radiis
1389 2489 1485 2532 aurora
1500 2476 1623 2533 rubebat.

972 2563 1063 2619 adluit
1078 2563 1122 2618 hic
1133 2562 1213 2620 etiam
1227 2573 1288 2636 post
1298 2564 1401 2635 perdita
1412 2565 1532 2621 cinnama
1547 2567 1667 2637 pboenis,

973 2654 1131 2711 Formidans
1146 2662 1260 2710 mortem
1281 2653 1333 2709 sibi
1347 2668 1400 2710 uon
1414 2668 1556 2725 superesse
1571 2656 1728 2712 secundam.

971 2745 1096 2803 Succedit
1110 2745 1214 2815 captim
1228 2743 1334 2809 cohors.
1350 2759 1409 2815 qum
1424 2744 1521 2801 lercula
1535 2746 1608 2817 gazis

971 2837 1035 2893 Pers
1046 2845 1156 2894 onerata
1170 2836 1226 2891 suis
1236 2853 1244 2892 z
1253 2834 1320 2892 ebur
1329 2835 1384 2902 hie,
1397 2835 1580 2908 hebenusque,
1591 2837 1633 2893 uel
1644 2849 1751 2904 aurunt,

971 2928 1005 2983 Et
1019 2928 1105 2983 nireae
1120 2927 1196 2999 picco
1214 2934 1297 2996 raptae
1311 2925 1345 2981 de
1359 2934 1468 2997 pectore
1482 2926 1584 3010 baccae!

971 3019 1050 3091 391
1076 3018 1235 3084 Gestantur;
1255 3018 1407 3088 quicunque
1426 3017 1492 3074 nibil
1511 3025 1644 3075 sustentat
1660 3018 1762 3082 odoris,

930 3087 953 3153 c
968 3113 1080 3173 iiittltur
1093 3110 1121 3168 in
1131 3123 1227 3168 ruerus.
1242 3110 1337 3167 Videas
1348 3107 1392 3168 bic
1405 3109 1461 3181 ipsa
1472 3109 1579 3182 placere

972 3206 1120 3276 Supplicia,
1139 3212 1166 3262 et
1180 3203 1280 3260 uirides
1295 3203 1373 3260 siolis
1388 3202 1480 3260 balare
1492 3210 1611 3260 catenas.
1641 3249 1645 3255 .

968 3297 1067 3355 Ultima
1080 3297 1217 3368 nigrantes
1231 3295 1357 3353 incedunt
1367 3294 1458 3365 praeda
1472 3294 1618 3364 elephanti.

968 3391 1148 3449 intermiscui
1162 3390 1249 3447 torma
1262 3391 1351 3461 gregi3
1370 3390 1439 3458 riget
1453 3388 1558 3460 bispida
1572 3389 1654 3447 dorso

972 3482 1019 3538 Vis
1032 3481 1134 3545 lcrrum
1149 3494 1259 3550 passura
1272 3480 1341 3536 cutis
1357 3497 1364 3534 ι
1381 3478 1479 3551 quippe
1488 3479 1609 3550 improba
1624 3488 1724 3537 cratem

968 3571 1089 3629 Nativam
1102 3583 1153 3628 nec
1166 3569 1220 3628 tela
1234 3569 1337 3638 iurant,
1351 3560 1490 3665 oQtpacta
1503 3569 1620 3627 vicissim

125 3656 292 3728 Responsum
304 3655 404 3729 Satyri,
419 3656 584 3729 digitumque
602 3661 750 3735 pedemque
769 3671 917 3732 mouentes,
969 3662 1110 3733 Tensaque
1125 3670 1198 3732 terga
1211 3659 1277 3716 ieris
1288 3657 1434 3730 crepitant,
1444 3673 1547 3730 usuque
1560 3659 1673 3716 carendi

969 3754 1076 3810 Pellunt
1086 3751 1207 3809 escensis
1221 3750 1365 3819 impactum
1384 3749 1485 3807 missile
1499 3750 1582 3821 rugis.

122 3836 259 3910 Quidquid
279 3836 349 3894 iorte
371 3837 470 3909 Dryas,
491 3836 534 3895 rel
551 3839 680 3911 quidquid
694 3841 857 3916 llamadryas
871 3860 920 3900 un·
1004 3843 1116 3914 iamque
1130 3843 1182 3898 iter
1194 3840 1228 3897 ad
1241 3840 1347 3897 Thebas
1360 3855 1409 3913 per
1422 3856 1548 3914 magnum
1566 3841 1652 3899 uictor
1666 3842 1761 3914 agebat

794 3937 883 4011 [quam

123 4024 261 4082 connexis
274 4024 382 4082 sibimet
396 4023 492 4080 testum
508 4024 632 4095 plausere
649 4025 765 4098 Napaeis,

124 4115 281 4184 bependant
296 4115 389 4184 inodo,
400 4115 498 4186 Bnrge,
514 4115 570 4184 tibi,
585 4117 629 4173 uel
641 4117 740 4174 Naidas
753 4117 814 4175 istic

124 4206 269 4263 Nereidum
284 4206 382 4263 ebosus
396 4207 466 4263 alme
481 4206 558 4273 doce,
573 4223 634 4264 cum
647 4208 715 4265 lorte
727 4209 864 4268 Garumna

125 4298 182 4354 ilue
195 4297 326 4354 redeunte
341 4297 425 4363 renis,
441 4304 605 4368 pontumque
619 4299 645 4354 in
660 4297 770 4358 humine
783 4302 880 4357 sulcas.

125 4389 216 4448 Pande
227 4391 310 4461 igitur
322 4403 417 4445 musas
431 4390 522 4458 Erato,
537 4389 689 4463 laribusque
701 4393 736 4448 sit
748 4393 797 4450 ede

125 4480 190 4547 Quis
203 4480 298 4550 genius
310 4496 318 4534 z
330 4488 431 4535 tantum
445 4494 498 4534 non
510 4489 553 4537 est
566 4481 623 4536 sine
636 4483 751 4551 presule
763 4484 879 4542 culmen.

161 4570 243 4626 Forte
257 4567 418 4640 sagittiferas
429 4569 503 4625 Euan
518 4569 658 4640 populatus
669 4572 807 4643 Erythras,

126 4659 185 4716 Tite
199 4661 356 4732 capistratas
370 4660 482 4733 cogebat
495 4661 529 4716 ad
547 4661 643 4718 esseda
656 4663 737 4735 tigres
754 4681 760 4717 :

125 4748 242 4808 intrabat
256 4752 388 4823 duplicem
402 4767 454 4823 qua
466 4763 537 4810 temo
548 4755 688 4813 racemiler
700 4770 809 4824 arcum,

968 3941 1050 4010 Aera,
1066 3948 1094 3997 et
1106 3939 1141 3995 ad
1153 3952 1273 3996 summas
1285 3948 1412 3997 erexerat
1426 3942 1500 4013 orgia
1512 3942 1597 3999 nubes
1611 3961 1618 4000 :

969 4031 1035 4088 Cum
1049 4031 1123 4088 uidet
1135 4031 1222 4087 Aonia
1235 4031 1385 4088 uenientem
1399 4033 1495 4089 Delion
1508 4049 1581 4090 arce.

970 4121 1074 4196 Grypas
1087 4130 1114 4180 et
1129 4121 1187 4194 ipse
1201 4128 1295 4178 tenet:
1311 4121 1402 4178 uultus
1415 4121 1457 4177 bis
1470 4122 1560 4178 laurea
1575 4138 1671 4178 curros

969 4213 1076 4271 Fronde
1090 4214 1178 4284 lupata
1193 4213 1287 4283 ligant,
1300 4211 1407 4269 hederis
1421 4227 1527 4284 quoque
1537 4212 1724 4285 circumplexis

968 4303 1086 4360 Pendula
1096 4303 1154 4359 lora
1165 4302 1270 4370 sirent;
1284 4303 1383 4360 sensim
1396 4302 1452 4358 iera
1464 4302 1587 4358 subvolat
1597 4302 1654 4359 ales

968 4399 1063 4456 Aerias
1079 4407 1208 4468 terraque
1222 4397 1290 4464 rias,
1302 4411 1336 4453 ne
1348 4396 1417 4453 lorte
1429 4395 1511 4453 citato

969 4488 1076 4544 ararum
1087 4487 1201 4556 strepitu
1211 4487 1328 4557 lignosas
1338 4485 1443 4556 lraogat
1453 4485 1580 4540 habenas.

968 4579 1108 4634 AEternum
1122 4576 1188 4632 uitet
1202 4577 1259 4648 ipse
1273 4589 1355 4647 genas
1370 4592 1378 4630 ι
1392 4588 1503 4631 crevere
1516 4574 1652 4646 corymbis

968 4673 1117 4744 Tempora,
1131 4679 1160 4728 et
1171 4679 1292 4727 auratum
1307 4670 1389 4726 verrit
1401 4683 1479 4725 coma
1491 4669 1617 4725 concolor
1632 4683 1721 4726 axem.

968 4763 1046 4820 barra
1058 4773 1133 4833 parte
1147 4770 1219 4818 tenet
1231 4768 1307 4817 uasta
1316 4760 1458 4817 dulcedine
1471 4773 1578 4815 raucam

123 4846 206 4920 390
218 4847 349 4902 biarcidus
360 4845 417 4916 ipse
429 4845 505 4902 sedet
516 4860 595 4903 curru
610 4848 718 4905 :madet
731 4848 812 4905 ardua
824 4825 915 4906 ceruix
969 4852 1070 4909 celato
1081 4851 1194 4908 Pithone
1207 4849 1304 4923 lyram,
1318 4863 1380 4921 pars
1393 4847 1486 4907 dextra
1497 4848 1606 4921 sagittas

159 5029 174 5061 ¹
192 5021 303 5078 bulcem
315 5029 420 5092 poetam
430 5019 493 5077 alibi
503 5020 585 5090 disit;
599 5021 641 5077 hic
651 5029 789 5093 poetarum
799 5021 915 5094 collegio
967 5026 1010 5082 cul
1023 5026 1057 5083 ab
1069 5024 1143 5082 illius
1156 5034 1184 5081 et
1202 5023 1344 5081 Garumnae
1357 5023 1563 5081 confluentibus.
1589 5024 1626 5081 De
1645 5025 1756 5082 Leontio

125 5090 279 5164 praelectum
291 5092 364 5147 lacit.

159 5160 172 5201 b
193 5162 273 5217 Extra
285 5161 425 5217 zodiacum
441 5161 537 5231 posita.
556 5160 624 5217 Tres
637 5162 708 5217 enim
722 5162 833 5218 Sidonio
848 5163 914 5219 stel-
969 5167 999 5221 tl
1012 5176 1040 5221 et
1053 5166 1086 5221 {2
1096 5166 1143 5221 tib.
1155 5181 1210 5220 vrrr.

125 5230 210 5286 iarum
222 5230 324 5287 classes
335 5247 342 5285 :
355 5234 480 5301 planetae,
491 5232 535 5299 qui
547 5232 604 5287 suis
615 5234 641 5286 in
651 5232 760 5287 orbibus
771 5241 914 5304 vagantum
967 5236 1036 5291 rium
1051 5245 1127 5291 uetus
1142 5253 1149 5288 :
1165 5234 1279 5312 uipym,
1294 5235 1386 5302 turris,
1401 5233 1507 5318 burgus.
1524 5233 1587 5293 lnde

969 5107 1076 5160 autem,
1093 5098 1119 5151 in
1133 5094 1209 5165 cujus
1242 5097 1335 5150 ratiam
1350 5094 1407 5148 hue
1420 5094 1546 5165 scripsit,
1562 5094 1662 5151 dietum
1675 5096 1754 5167 epist.

1222 5110 1300 5233 Sergi
1311 5165 1385 5221 uocis
1398 5163 1488 5219 Graeca
1500 5172 1541 5220 est
1552 5165 1755 5291 ⁰⁸⁵⁸g⁰‘G¹⁰'{‡

1619 5250 1696 5306 urgos

123 5302 211 5358 sidera
225 5301 345 5369 zodiaci,
361 5316 421 5372 quoe
439 5301 578 5357 duodecim
596 5301 654 5368 eius
673 5302 756 5372 signis
773 5302 914 5359 continen-
967 5315 1062 5360 carnnt
1086 5305 1196 5360 Romani
1221 5316 1308 5360 turres
1330 5320 1378 5360 seu
1392 5312 1484 5361 turrita
1510 5304 1707 5375 propugnacula
1726 5304 1753 5359 iu

124 5379 183 5437 tur,
203 5371 346 5441 etreliqua
360 5379 434 5427 extra
448 5370 602 5432 zodiacum,
617 5386 678 5441 quse
691 5380 831 5443 propterea
845 5389 908 5428 euo-
966 5373 1095 5431 limitibus
1108 5375 1261 5430 constituta.
1274 5376 1314 5430 lib
1328 5375 1369 5431 his
1383 5389 1473 5447 porro,
1485 5375 1581 5430 similia
1594 5374 1682 5427 cronia
1696 5389 1754 5427 rnu-

124 5443 174 5498 tico
188 5441 320 5507 nominat,
336 5440 412 5511 qnasi
425 5443 473 5504 ἔξω
488 5448 534 5499 τοῦ
546 5439 680 5506 ζωδιακοῦ.

967 5444 1063 5500 nitiora
1074 5447 1131 5501 loca
1142 5446 1284 5515 burgorum
1295 5460 1400 5517 quoque
1412 5457 1508 5500 nornen
1522 5442 1648 5498 tulerunt.
1662 5440 1754 5511 Neque

160 5510 241 5585 154
255 5521 267 5550 ⁶
280 5510 360 5582 burgi
372 5510 542 5576 Pauliniance,
556 5525 634 5581 qnam
646 5512 696 5568 boe
706 5511 798 5582 idyllio
812 5512 914 5569 decri·
967 5514 1035 5571 ratio
1048 5514 1099 5570 alin
1113 5517 1270 5584 requirenda
1284 5515 1378 5571 crinita
1393 5514 1509 5584 Burgum
1522 5525 1598 5568 suasa
1612 5510 1753 5581 appellarit

125 5579 178 5644 hit,
194 5595 292 5637 nomen
308 5581 446 5650 antiquum
468 5580 546 5637 bodie
569 5589 677 5647 sirenem
704 5583 818 5650 Burgum
842 5584 915 5638 enim
968 5584 1077 5640 Pontius
1092 5584 1218 5640 Paulinus
1239 5586 1378 5652 conditor,
1398 5597 1459 5639 cum
1480 5581 1547 5638 banc
1559 5580 1644 5653 ipsum
1660 5582 1754 5653 prodat

123 5663 241 5709 emaum
256 5662 363 5722 uocant,
375 5651 408 5706 ad
424 5651 531 5708 huranii
544 5651 660 5709 fluminis
673 5656 769 5724 ripam,
783 5667 836 5711 non
850 5668 913 5724 pro·
969 5663 1021 5713 tota
1037 5656 1093 5724 eius
1109 5653 1263 5726 descriptio.
