3788 6120
136 295 192 359 itta
776 303 1015 363 altstotauttu
1035 303 1097 360 titt.
1118 305 1138 360 l.
1722 309 1773 367 ibb

140 422 331 487 brasiis‘tatem,
345 420 530 488 voluptuosius
546 428 642 475 nune·
658 417 778 488 opusculi
793 417 876 489 ipsius
888 433 933 473 re·
946 419 973 478 t
985 419 1102 490 quinque
1115 416 1265 475 Brundusio
1280 418 1412 488 proiectas
1426 422 1479 494 25
1492 437 1552 479 cum
1567 423 1707 491 speciebus
1722 429 1772 479 tri·

143 499 263 581 bacaudis
281 513 403 570 versibus
424 511 620 576 immorabere,
637 510 714 576 scio;
739 517 818 580 atque
831 508 866 564 ob
881 508 933 565 hoc
984 509 1029 566 tici
1044 523 1075 565 ac
1087 509 1185 576 mellis,
1199 511 1267 567 ostia
1281 510 1405 568 Tiberina
1421 513 1548 583 tetigisse.
1563 514 1680 580 Quarum
1691 529 1771 571 onera

150 609 250 664 tamnen
266 606 355 678 ipsum
371 603 466 676 loquat
489 602 516 659 in
535 601 761 673 consequentibus
775 600 868 657 charta
883 599 932 656 de·
984 601 1175 669 exspectationi
1198 600 1301 670 plebis,
1319 600 1419 671 siquid
1440 610 1548 660 strenue
1570 605 1657 675 gerit,
1675 605 1772 675 raptim

153 702 248 769 must,
268 716 329 773 quae
345 714 394 771 pro
407 715 451 754 me
470 699 577 755 interim
592 696 656 753 dum
674 697 753 752 venio
772 695 868 752 diebus
883 695 931 751 tibi
985 691 1063 746 laciet
1081 691 1170 746 oderri
1182 732 1190 758 ,
1204 693 1440 749 commendaturus
1456 709 1487 750 se
1506 695 1571 751 mibi
1584 735 1592 764 ,
1605 711 1650 753 me
1663 697 1771 769 populo,

157 796 259 855 brenta
277 792 484 849 sermocinetur.
509 789 557 844 Cui
572 789 594 845 si
609 790 740 846 examinis
763 787 801 844 tui
827 801 932 858 quoque
984 792 1127 854 utrumque
1141 784 1198 840 tibi.
1213 784 1289 841 Vale.

160 892 237 950 batua
250 887 421 952 tribuantur,
439 899 515 955 aeque
533 893 638 954 gratum
663 881 746 951 mihi,
771 883 835 937 acsi
851 879 933 937 mein
1218 884 1221 889 '
1266 877 1432 937 ttt’tstoet
1450 881 1496 937 xl.

156 980 249 1036 orrico
276 977 319 1034 vel
342 976 413 1032 iuter
433 982 519 1030 rostra
548 966 744 1040 concionante,
775 970 808 1027 ad
833 970 934 1041 sophos
1153 969 1275 1026 Sidonica
1292 969 1302 1009 f
1319 971 1418 1027 Montio
1432 990 1479 1028 aaa
1491 975 1607 1031 atatem.

152 1083 252 1138 neom,
274 1082 328 1125 non
344 1064 483 1122 modulati
497 1062 587 1130 clavi,
609 1062 657 1119 sed
673 1062 809 1118 tribulium
826 1073 934 1130 quoquo
1020 1059 1092 1117 Petis
1107 1060 1169 1128 tibi,
1186 1063 1229 1117 vir
1241 1062 1431 1133 disertissime,
1445 1064 1584 1136 Sequanos
1599 1075 1658 1123 tuos
1672 1068 1775 1138 expeti-

142 1160 231 1238 hagor
242 1161 434 1218 concitaretur.
452 1155 523 1213 Sane
544 1168 654 1222 moneo,
668 1169 777 1225 praeque
792 1152 933 1229 denuntio,
986 1161 1046 1206 turo
1059 1160 1175 1223 satyram
1189 1153 1281 1208 nescio
1294 1168 1393 1223 quam,
1409 1156 1432 1210 si
1446 1155 1481 1211 sit
1495 1170 1508 1209 a
1524 1156 1601 1213 uobis
1615 1159 1774 1228 perscripta,

132 1251 296 1331 quisquilias
311 1250 384 1320 ipsas
397 1247 471 1303 clius
485 1255 537 1301 tuae
551 1244 715 1301 hexametris
733 1245 843 1301 minime
864 1260 935 1301 esae-
986 1242 1127 1298 transmitti
1139 1258 1147 1297 t
1158 1243 1229 1313 quod
1241 1245 1363 1315 equidem
1376 1253 1402 1301 te
1415 1247 1564 1315 postulasse
1575 1248 1703 1305 demiror.
1718 1249 1774 1305 Non

121 1363 219 1423 qm.
241 1344 337 1402 hierita
351 1342 423 1400 enim
434 1340 531 1396 coliata
542 1339 639 1394 vestris
654 1352 712 1394 mea
727 1338 864 1404 carmina,
879 1353 933 1394 non
985 1335 1056 1391 enim
1069 1344 1189 1408 sarrctum
1201 1345 1252 1404 est,
1263 1345 1292 1393 ut
1301 1338 1335 1395 de
1348 1339 1466 1396 uveribus
1478 1341 1555 1397 amici
1566 1343 1619 1396 cito
1631 1357 1773 1413 perperam
1820 1328 1827 1337 ’

112 1437 312 1498 heroicomtn
323 1432 452 1504 phaleris,
466 1429 513 1487 sed
523 1428 745 1511 epitaphistarum
757 1429 935 1485 neniiseom-
984 1429 1095 1485 ceratias.
1120 1429 1185 1486 linio
1198 1446 1271 1486 eram
1297 1431 1406 1487 themati
1421 1433 1733 1499 sc'lieetincnbaturus,
1748 1433 1773 1489 id

105 1529 315 1605 parabantur.
330 1523 367 1579 ttt
384 1533 473 1578 tamen
489 1521 589 1592 gaude,
605 1519 658 1592 24
671 1520 742 1588 quod
756 1520 801 1575 hie
816 1520 877 1589 ipse
888 1534 934 1590 pa·
983 1520 1038 1590 jam
1050 1537 1131 1591 agens
1144 1524 1203 1590 otii,
1219 1524 1299 1595 idque
1314 1524 1414 1582 babens
1428 1529 1488 1592 atri,
1503 1529 1574 1598 quod
1585 1528 1709 1598 juvenem
1724 1529 1773 1583 mi-

105 1621 296 1698 mneos,
316 1626 345 1674 et
363 1617 385 1671 si
401 1631 454 1671 nnn
474 1614 615 1685 judicium,
634 1624 706 1669 certe
725 1622 851 1669 evevrtum
872 1614 934 1668 horsi
985 1613 1159 1685 hiantemque
1177 1615 1293 1673 dictasse
1314 1620 1544 1689 praesumptiosum
1560 1620 1667 1685 luisset,
1684 1620 1773 1687 publi·

105 1714 233 1787 speris
255 1709 367 1780 accepit.
393 1707 580 1777 Quapropter,
605 1705 627 1761 si
651 1713 739 1761 umen
763 1705 856 1761 tetrica
871 1712 935 1759 sunt
985 1715 1161 1761 casseautem
1176 1707 1367 1775 periculosam.
1382 1709 1431 1765 cni
1445 1711 1773 1781 namquegrammaticum

105 1801 301 1861 amoenanda
308 1799 485 1871 jocularibus,
496 1796 557 1852 volo
570 1797 690 1867 paginam
702 1794 830 1865 glorioso,
843 1795 869 1850 id
879 1804 932 1862 est,
948 1789 972 1849 B
985 1795 1026 1852 vel
1041 1797 1165 1852 salutanti
1183 1797 1298 1854 Calaber
1311 1798 1357 1855 ille
1372 1815 1424 1856 non
1439 1800 1505 1856 dixit
1519 1819 1525 1854 :

105 1894 216 1966 1⁸¹¹¹⁸¹
232 1890 419 1949 Thf²⁸⁰¹¹3⁸¹¹⁰
437 1890 490 1945 ΗΜ
510 1887 687 1956 ⁶⁰⁰⁰¹²¹d0ffls
703 1887 817 1943 Phillifli
833 1888 934 1959 Ριῑῧθ·
1046 1909 1071 1958 Si
1080 1908 1140 1982 mala
1156 1911 1291 1963 condiderit
1301 1912 1325 1962 in
1342 1915 1712 1978 quemqulscarmlna,1usest,

105 1987 274 2060 solynieis
287 1986 416 2041 imitator.
440 1982 522 2054 lgitor
535 1996 595 2037 cum
613 1982 647 2037 ad
667 1981 869 2050 proiecturam,
883 1980 934 2035 sub
1047 1971 1237 2034 Jldllfflffltlffl?

105 2092 175 2148 spe
194 2078 318 2146 Christi,
333 2076 395 2148 styli
409 2075 548 2131 occasione
564 2072 741 2143 pervenerim,
755 2072 849 2142 iubeas
863 2071 935 2126 ilicet
1021 2071 1072 2129 Sed
1087 2074 1196 2143 nequid
1217 2074 1286 2131 ultra
1301 2085 1329 2131 tu
1344 2076 1378 2133 de
1391 2076 1475 2133 sodali
1489 2078 1575 2133 simile
1589 2078 1695 2146 credas,
1710 2078 1773 2148 cquid

105 2169 121 2208 ὓ
142 2184 223 2240 pro
238 2177 370 2242 potestate
391 2167 520 2235 cinctuti,
545 2165 661 2236 undique
684 2164 802 2219 omnium
827 2162 933 2218 laudum
985 2161 1062 2218 iurrit
1079 2164 1159 2229 iilud,
1180 2165 1250 2235 quod
1265 2181 1309 2222 me
1325 2167 1441 2224 sinistrae
1456 2185 1548 2225 rumor
1561 2184 1593 2226 ac
1612 2168 1699 2225 dumus
1718 2169 1775 2239 opi·

105 2261 296 2319 convasatis
309 2257 556 2323 acclamationibus,
573 2257 605 2310 ad
618 2264 690 2310 astra
708 2263 824 2324 portare,
839 2253 861 2308 si
876 2253 933 2323 pia·
985 2254 1073 2310 niouis
1083 2255 1191 2322 albaria,
1203 2257 1306 2328 longius
1317 2259 1407 2325 paulo,
1418 2260 1465 2314 sed
1476 2260 1509 2316 ab
1519 2261 1622 2329 origine
1631 2274 1773 2330 exponam.

108 2360 198 2418 teo,
220 2351 422 2422 eloquentiam
446 2349 468 2404 si
484 2348 630 2417 displiceo,
650 2346 813 2402 felicitatem.
839 2346 935 2401 videre
985 2346 1162 2417 Temporibus
1185 2349 1297 2420 Augusti
1320 2349 1479 2419 Maioriani,
1503 2352 1577 2406 venit
1604 2352 1631 2406 in
1658 2349 1775 2406 medium
1842 2390 1844 2393 ψ

112 2438 207 2495 martti
228 2441 320 2497 videor
334 2450 364 2494 ut
383 2439 489 2501 rideas,
511 2437 572 2509 quia
592 2437 722 2508 perspicis
742 2445 860 2492 nostram
875 2451 935 2491 cum
985 2439 1076 2494 cirnrta
1091 2443 1262 2504 connitatnm,
1278 2444 1324 2498 sed
1339 2459 1432 2500 carens
1446 2444 1545 2510 indice,
1559 2458 1684 2506 versuum
1699 2442 1776 2511 plena

115 2528 211 2583 uitis
239 2530 347 2588 Conrico
361 2530 527 2587 lerocissimo
537 2529 702 2600 jactantiam.
717 2528 793 2583 Vale.
986 2532 1163 2602 satyricorum
1177 2535 1432 2590 mordacinmzsane
1447 2536 1490 2604 qui
1502 2536 1567 2590 satis
1583 2536 1776 2592 invectivaliter

433 2633 599 2722 mmm
619 2666 641 2722 x
987 2623 1061 2678 abusi
1077 2625 1214 2678 numinum
1235 2624 1366 2692 nuditate,
1382 2626 1526 2693 carpebant
1542 2624 1686 2694 plurimum
1701 2626 1776 2691 vitia,

580 2711 585 2720 ”
647 2705 654 2720 ’
987 2716 1046 2786 plus
1065 2716 1195 2770 homines.
1220 2716 1292 2770 luter
1308 2715 1365 2770 cac
1387 2717 1500 2770 tremere
1519 2716 1708 2781 Arelatenses,
1724 2729 1778 2784 quo

987 2806 1039 2863 inci
1051 2822 1094 2862 res
1108 2807 1248 2877 agebatur,
1262 2815 1289 2861 et
1299 2821 1421 2877 quarere
1432 2822 1511 2878 quem
1525 2816 1664 2877 poetarum
1677 2808 1777 2879 publici

178 2886 307 2963 haspas
323 2906 371 2961 per
383 2891 537 2956 orclatum
550 2905 662 2947 annona
678 2893 780 2947 litteras
796 2900 864 2961 ruas,
877 2893 936 2962 uui·
988 2900 1087 2957 turorts
1109 2902 1204 2956 mertun
1223 2899 1327 2968 perteus
1346 2909 1470 2970 urgeres,
1489 2901 1717 2971 gessemanim
1731 2917 1778 2957 au-

135 2967 199 3033 btts
211 2999 268 3038 rum
283 2983 330 3038 t'hi
352 2982 472 3039 sodalem
490 2993 607 3039 veterem
631 2984 703 3063 mibi
719 2983 838 3041 insinuas
854 2985 938 3055 jodici
988 2991 1106 3047 ctcrihus
1118 3005 1185 3059 quos
1198 2991 1268 3046 notis
1288 2990 1370 3046 certis
1387 2999 1479 3046 auctor
1499 2991 1617 3047 incertus
1631 2988 1778 3047 exacerba-

140 3074 229 3126 ¹0vc
251 3073 355 3131 Gratias
375 3088 426 3144 ago
441 3089 550 3145 magnas
564 3075 622 3142 illi,
638 3076 768 3132 maximus
783 3075 851 3147 tibi,
867 3078 937 3148 qood
989 3088 1074 3137 verat.
1097 3080 1197 3136 ltcc⁷dit
1213 3094 1276 3134 casu
1289 3122 1296 3145 ,
1310 3089 1340 3134 ut
1354 3089 1368 3128 t
1383 3080 1529 3136 Catullinus
1543 3081 1654 3136 illustris
1669 3090 1731 3136 tunc
1744 3082 1778 3137 ab

143 3163 325 3222 suatavam
345 3165 462 3221 amicitia
478 3181 554 3234 ntea,
571 3166 612 3221 vei
629 3181 790 3235 presumere
808 3177 878 3235 tutu,
894 3171 936 3225 vel
950 3147 973 3210 C
989 3173 1117 3230 Arvernis
1129 3172 1365 3233 illaven'ret.eum
1376 3186 1481 3242 semper
1494 3173 1569 3242 mihi,
1579 3183 1633 3228 tum
1647 3175 1779 3244 praecipue

148 3244 234 3313 ittera
243 3258 362 3316 eredere.
375 3258 432 3330 Ego
442 3273 507 3316 vero
520 3258 640 3335 iustitiam
654 3259 703 3314 viri
717 3259 937 3315 familiaritatem·
989 3263 1145 3321 commilitio
1160 3264 1259 3319 receuti
1272 3264 1417 3318 tarntttaris.
1433 3262 1511 3334 Sepe
1523 3264 1594 3320 enirn
1610 3266 1683 3322 eires
1696 3269 1780 3337 magis

149 3349 210 3409 ‘loe
227 3366 275 3406 uon
297 3351 385 3406 solum
406 3352 519 3419 voleus,
539 3352 585 3406 sed
607 3362 633 3406 et
651 3352 745 3407 avidus
766 3353 936 3420 amplector:
989 3357 1090 3412 amicos
1105 3355 1286 3425 peregrinatio
1303 3353 1377 3410 iacit.
1402 3354 1483 3425 lgitur
1498 3355 1608 3410 insidias
1633 3357 1775 3421 nescienti,

150 3437 299 3512 autppeqnt
314 3441 436 3498 noverim
451 3450 568 3496 nostram
583 3452 688 3511 quoque
700 3443 813 3511 gratiam
827 3443 879 3499 hoc
891 3443 940 3498 oh·
991 3456 1043 3504 ιιιιι
1057 3448 1192 3513 Pacuius,
1206 3462 1285 3518 quam
1301 3447 1353 3518 big
1366 3460 1410 3501 rus
1421 3446 1470 3502 has
1485 3449 1664 3512 tetenderunt,
1680 3455 1709 3504 ul
1721 3449 1780 3518 plu·

151 3530 243 3600 *quio
262 3548 323 3589 meo
344 3534 400 3588 iore
414 3533 617 3603 copulatiorem.
639 3533 691 3588 Sed
706 3542 733 3587 et
752 3540 780 3588 tu
796 3534 939 3604 uigilantia
989 3539 1065 3597 rimis
1078 3552 1170 3594 eoram
1190 3545 1314 3608 tanquam
1333 3538 1368 3593 ah
1383 3538 1489 3593 incauto
1503 3539 1712 3603 sciscitarentur,
1728 3540 1781 3596 boc

154 3624 276 3694 Ιιιιιιιι,
290 3626 382 3694 idest,
399 3625 476 3680 lame
492 3639 558 3680 meae
575 3634 672 3680 statum
687 3641 848 3697 causamque
862 3641 938 3683 ccm-
991 3647 1089 3688 novrum
1105 3646 1211 3686 carmen
1225 3645 1258 3685 an
1272 3638 1487 3700 recognosceret.
1501 3632 1532 3686 Et
1546 3631 1590 3685 ille
1605 3650 1612 3686 a
1627 3632 1665 3696 Si,
1683 3632 1778 3700 iuquit,

154 3716 258 3774 muts.
283 3717 387 3774 Vereor
407 3727 497 3772 autem
525 3733 558 3772 ne
577 3726 588 3754 ι
605 3717 701 3773 laniem
722 3718 809 3788 populi
825 3719 939 3775 bomani
991 3724 1123 3779 dixeritis.
1139 3721 1260 3791 Cumque
1277 3722 1375 3777 irustra
1389 3720 1514 3790 diversa,
1536 3723 1612 3793 quasi
1631 3739 1676 3792 per
1691 3724 1780 3793 jocum

155 3800 288 3865 'battalia
301 3823 392 3865 cavete
414 3808 503 3878 dragor
523 3809 627 3863 insonet
642 3849 649 3870 ,
671 3818 699 3864 et
719 3808 865 3864 irrlrrrtunio
878 3826 940 3866 meo
992 3814 1177 3878 effunderent,
1191 3812 1303 3868 solvitur
1314 3813 1459 3868 Catullinus
1469 3817 1495 3868 in
1507 3815 1601 3878 risum,
1616 3814 1784 3881 intempesti-

155 3896 256 3959 buitta
266 3899 408 3970 deputetur
421 3900 535 3954 esuries.
561 3897 630 3954 Sanc
645 3898 716 3954 irunc
731 3900 816 3969 ipsum
831 3915 846 3955 e
860 3902 940 3955 vesti·
994 3919 1080 3974 voque
1091 3903 1216 3973 suffragio
1230 3903 1348 3958 clamare
1360 3903 1452 3972 coepit,
1467 3903 1577 3974 dignum
1593 3918 1697 3974 poema,
1711 3904 1782 3975 quod

155 3984 205 4054 tto
221 3994 250 4049 ad
274 4000 379 4064 partum
402 3992 508 4047 mittere
533 4006 618 4062 paro,
640 3991 702 4062 quin
723 3994 841 4062 comperi
861 4007 941 4050 naves
992 3995 1111 4066 apicibus
1125 3993 1325 4064 perennandum
1345 3996 1445 4050 auratis
1457 3994 1528 4065 juste
1545 3992 1558 4032 h
1574 3995 1664 4051 tabula
1683 4005 1784 4051 rotra-

274 2778 398 2835 Sidouittt
414 2787 425 2818 ι
442 2776 616 2849 Campaniano
630 2793 676 2832 suc
690 2777 808 2834 salutent.

199 4132 209 4162 ¹
226 4125 379 4198 Panegyrici
399 4123 586 4191 tnrhemtant,
602 4138 681 4194 quem
702 4137 762 4179 eum
787 4123 828 4179 bis
845 4122 942 4181 litteris
994 4132 1099 4180 meabas
1114 4137 1205 4179 carram
1218 4131 1325 4193 gerunt.

160 4194 279 4253 mutabat
1031 4204 1043 4233 ⁰
1062 4194 1182 4260 Querela
1195 4195 1281 4261 panis,
1296 4207 1342 4257 per
1354 4205 1420 4262 quas
1435 4190 1548 4260 populus
1562 4192 1701 4262 ingruente
1715 4192 1784 4250 lanto

198 4262 276 4322 lites
288 4266 414 4323 nimirum
436 4263 611 4333 praefectoria.
625 4267 676 4335 21
691 4264 816 4331 C‘nctuti,
829 4265 881 4320 hnc
900 4273 940 4320 est
995 4265 1214 4325 tumultuabatur,
1232 4263 1347 4329 preteeti
1375 4259 1454 4317 Urbis
1475 4262 1554 4332 capiti
1577 4277 1649 4329 saepae
1663 4262 1786 4320 ircrnine-

164 4331 233 4390 ‘itui
245 4346 320 4393 erarrt
343 4336 476 4405 praelecti,
491 4335 576 4390 etalii
592 4349 685 4388 nrrrrres
701 4333 870 4402 magistratus
883 4336 942 4404 qui·
994 4336 1074 4402 haut,
1091 4348 1117 4386 ιιι
1137 4334 1249 4390 Tertulli
1263 4332 1413 4398 exemplum
1428 4331 1505 4387 docet
1520 4333 1593 4401 apud·
1604 4333 1785 4389 llureellinum

168 4398 211 4459 bus
221 4407 346 4477 gladiijus
356 4407 656 4476 crat,quorumiusigne
669 4406 802 4474 cingulum
818 4407 840 4460 οἱ
855 4409 941 4483 ἀρχὴν
957 4405 1043 4505 Dm‘·
1062 4420 1117 4459 ιιι.
1134 4404 1181 4459 ila
1194 4419 1282 4458 aurem
1299 4405 1324 4457 in
1341 4403 1453 4457 theatris
1467 4408 1585 4457 manime
1598 4402 1730 4482 circisque
1741 4419 1787 4456 au-

171 4464 945 4615 tttmmitt{attitulatiitt‘ttitttt
996 4474 1247 4600 ttttttttlit‘
1260 4471 1787 4599 tuttitittetintlth‘ltttl³

172 4608 355 4686 dagulirulurc
368 4615 550 4686 passivulliuc
563 4614 607 4669 iila
622 4617 754 4683 superius,
766 4615 946 4670 cinctasduie·
999 4615 1095 4670 Iisdem
1115 4613 1260 4667 consulibus
1277 4613 1400 4687 grauitate
1417 4627 1527 4666 annona
1541 4614 1620 4683 juata
1642 4614 1789 4669 seditionem

172 4688 217 4745 ⁸¹⁸.
228 4685 284 4742 Bett'
295 4689 335 4742 ius
349 4687 503 4754 discinctus,·
518 4694 545 4741 ct
560 4685 607 4742 tib.
623 4701 649 4752 v,
664 4701 708 4753 eps.
725 4687 752 4755 7,
766 4686 813 4740 ct'rt.
822 4693 855 4741 tit
871 4688 945 4758 jura,
999 4697 1099 4741 ceruum
1111 4701 1120 4738 .·
1130 4686 1259 4753 multaque
1269 4694 1291 4737 et
1302 4681 1388 4754 ptum
1397 4697 1442 4750 per
1454 4681 1509 4735 dt'ea
1522 4684 1548 4737 bt
1563 4683 1660 4736 tbeatvo
1674 4685 1791 4738 directius

172 4744 282 4812 &iactis
294 4756 438 4829 prmiieqic.
1000 4756 1144 4826 efflagitata.
1167 4755 1203 4808 be
1218 4753 1331 4808 circensi
1347 4752 1398 4805 alio
1413 4753 1528 4808 tumultu
1541 4753 1585 4820 qui
1600 4750 1789 4809 Constantino·

202 4831 211 4860 ²
227 4827 267 4883 Sic
291 4837 396 4883 veteres
416 4825 495 4892 libri,
515 4840 568 4880 non
588 4825 729 4893 canapario
745 4842 753 4881 :
769 4824 902 4894 quamodo
922 4833 949 4881 et
1001 4826 1055 4897 poli
1068 4824 1174 4889 accidit,
1192 4824 1327 4893 Eutropius
1338 4825 1364 4876 in
1379 4821 1494 4892 Sopatro
1510 4840 1517 4877 :
1533 4823 1566 4877 de
1582 4823 1703 4878 {lemano
1717 4823 1791 4880 Zosi-

170 4879 566 4980 'diastematampamanmt.
578 4887 833 4980 U.·proriec'·tus·Urbi
848 4905 950 4966 tempo·
1002 4911 1062 4951 mus
1077 4896 1124 4950 lib.
1140 4910 1167 4958 v,
1181 4894 1287 4964 quaudo
1304 4893 1460 4976 heracliano
1478 4894 1576 4976 comite
1594 4893 1691 4975 hiricte
1708 4908 1790 4976 occu·

169 4956 387 5025 ”beseleet-uani
397 4976 543 5037 rnanuquae
558 4969 629 5023 basus
644 4964 949 5038 rnscrrpuunmettlam·
1001 4976 1077 5090 patos
1090 4977 1181 5032 portus
1196 4973 1304 5020 tenente
1320 4963 1409 5019 ieratis
1424 4963 1465 5018 tlla
1481 4979 1531 5019 vox
1547 4980 1574 5018 tn
1588 4978 1662 5019 orreo
1677 4965 1790 5021 audita:

166 5032 775 5137 ”hirnusvirdisertissimusaprrdUassiodd.
791 5035 948 5102 ΗΜ.
1025 5035 1419 5146 οἷιιριιιιιιιιιαιηὶιιιιηιιιιι.
1499 5102 1597 5159 hm
1687 5067 1775 5160 sc·-

161 5106 948 5249 mritt¹ttb2ttt¹ttttdtl⁵„dictitabat
1000 5105 1572 5255 ..2itttttttitttuttttttt,td
1587 5114 1793 5255 Uibulli

157 5237 188 5284 '¹⁸
208 5245 368 5304 frumentum
384 5248 454 5317 quod
477 5262 558 5302 naves
580 5247 753 5303 brundusinae
770 5249 947 5315 advexerant,
1001 5247 1148 5319 llajoriano
1164 5255 1292 5314 regrante
1312 5243 1483 5311 accudertnt,
1507 5260 1596 5312 anno,
1621 5253 1651 5300 ut
1671 5245 1792 5298 severim

153 5305 207 5387 ΝΞ
219 5319 384 5375 caudearies
408 5319 437 5373 iu
452 5316 548 5375 Urbem
564 5316 764 5372 subvehendum
779 5326 864 5372 curet.
891 5317 947 5371 Etsi
1001 5317 1157 5374 centuriatus
1167 5315 1294 5382 ostendit,
1305 5315 1369 5371 tet.
1651 5383 1657 5395 Ι

149 5372 230 5444 eurr„
243 5404 342 5460 augere
356 5388 435 5446 Urbis
448 5389 539 5457 copias
558 5389 666 5458 propria
679 5396 737 5443 erat
750 5402 813 5442 cura
829 5385 948 5456 prefecti
1039 5397 1052 5435 s
1074 5387 1102 5442 ln
1126 5385 1272 5456 epigraphe
1294 5385 1422 5441 carminis
1444 5384 1478 5439 ll
1500 5398 1556 5466 non
1579 5382 1694 5464 amphus
1714 5396 1793 5466 quiam

143 5440 285 5524 ⁸¹illoesa,
298 5459 393 5515 cadem
408 5468 495 5512 marren
508 5457 542 5511 ad
568 5456 723 5527 preelectum
750 5472 856 5526 quoque
872 5456 951 5512 Urbis
1003 5456 1169 5512 clarissimus
1188 5455 1347 5525 appellatur.
1372 5456 1478 5511 lionore
1500 5465 1578 5521 rgrtur
1591 5461 1637 5504 aut
1657 5451 1795 5535 prtvrlegto

142 5507 283 5598 ”nuttam
297 5528 330 5583 ad
341 5530 506 5599 superiorem
520 5537 677 5598 patestatem
696 5527 862 5596 pertinebat,
883 5528 901 5583 l.
924 5528 950 5591 l,
1004 5529 1130 5599 quopiam
1148 5536 1259 5581 arctatus
1272 5536 1363 5595 postea
1378 5525 1463 5579 iuerat
1478 5536 1530 5604 quc
1544 5523 1620 5604 lieret
1635 5522 1759 5579 attuatos.

136 5577 205 5679 ἴω
233 5598 268 5655 de
281 5599 372 5655 alticio
386 5597 506 5679 Praiecti
524 5598 598 5653 Urbi.
615 5598 705 5668 ltaque
719 5607 745 5652 et
760 5597 885 5651 Sidonius
901 5596 952 5679 boc
1041 5595 1055 5634 ¹¹
1078 5598 1174 5720 iligna,
1190 5597 1412 5680 inqui13satyra,
1427 5608 1487 5662 qnae
1502 5608 1527 5646 tu
1542 5606 1579 5646 aes
1593 5592 1674 5675 ancisa
1692 5609 1741 5663 pro
1753 5607 1797 5648 ro-

151 5650 234 5733 000,
246 5671 457 5742 etbprrrmacbus
472 5668 517 5724 bb.
531 5684 559 5733 v,
573 5683 615 5739 cp.
631 5669 677 5733 dd,
690 5667 846 5738 praefectura
861 5669 951 5722 urbica
1006 5668 1070 5723 stris
1081 5683 1113 5722 ve
1140 5682 1167 5720 ru
1178 5665 1309 5734 capitolio
1324 5674 1392 5720 tuter
1405 5665 1493 5730 legum
1508 5677 1539 5719 ac
1557 5663 1726 5735 publicorum
1741 5678 1797 5720 tuo·

135 5705 305 5812 rulugentes
323 5753 493 5798 camuromrn
512 5753 574 5795 crum
603 5738 728 5809 prolecto
748 5753 860 5796 arraona
879 5753 952 5796 cam·
1007 5746 1194 5796 numentanam
1210 5736 1313 5796 tabulas
1325 5733 1484 5793 collocetur.
