3788 6120
123 293 176 349 los

781 278 934 341 stolonis
954 278 1104 336 tlloltsls

1689 272 1747 337 tol

126 417 228 474 :puroque
244 417 292 473 per
307 403 439 458 notarium
459 412 548 465 suunt,
563 396 671 452 nomine
684 392 770 466 ledit„
785 387 905 461 vitared]
919 394 945 452 Α
958 389 1098 446 Pecuniam
1119 390 1188 458 apud
1210 405 1271 445 cum
1295 405 1428 460 nunquam
1454 389 1584 446 mansisse
1605 390 1747 460 probatur,

126 494 229 560 vitarit,
244 492 360 548 edictum
374 493 444 562 quod
460 490 564 561 publice
579 489 722 558 legeretur,
736 484 806 537 buuc
821 482 905 536 conti·

125 600 191 641 nens
205 585 311 640 modum
328 602 335 639 ι
353 603 362 635 ι
380 585 463 641 lussit
473 582 548 638 rubis
561 580 686 637 dominus
699 588 791 633 noster
806 575 852 646 [ut.
867 576 907 629 di-

126 675 197 746 eerel
210 674 273 738 dici,
286 677 346 745 quia
362 674 504 742 imperator
515 672 617 735 Zenon,
631 678 658 723 ιι
670 666 833 723 nobilissima
845 665 904 721 Pla·

126 767 206 832 cidia,
220 782 266 835 per
280 766 459 822 Alexandrum
479 764 564 818 tirum
584 762 715 816 illustrem
732 759 905 827 scripserunt,

957 482 1006 537 ruisi
1024 481 1093 537 lnrte
1112 483 1156 536 tuli
1178 483 1243 535 bura
1261 481 1413 548 offerretur,
1430 481 1537 552 quando
1552 481 1607 550 ism
1628 488 1668 539 sol
1689 481 1749 539 diei

956 573 1092 641 esplicans
1105 586 1224 637 clusum,
1242 570 1380 624 nocturnis
1400 572 1516 627 tenebris
1529 572 1652 628 ordinem
1666 573 1749 629 deret

956 665 1094 719 stlocum.
1110 664 1222 718 Tantum
1239 663 1403 736 [obcdditttr
1414 662 1477 736 sibi]
1492 664 1647 719 reservabat
1659 680 1749 732 ‹pussu-

958 762 1012 808 tum
1039 754 1090 808 diei
1113 753 1259 819 adiiceret,
1281 769 1335 807 uun
1361 764 1489 823 quantum
1511 754 1643 824 copiditas
1663 769 1751 821 expe-

128 865 247 924 petenles
270 865 298 910 ut
320 856 438 910 Ecclesia
457 849 625 920 Carthaginis
650 848 786 918 religionis
810 857 908 901 secute
958 848 1043 905 tisset.
1056 846 1111 900 beo
1125 852 1217 900 nostro
1227 845 1341 900 subinde
1352 845 1471 914 quotidie
1480 845 1596 915 ingentia
1607 855 1634 900 et
1644 844 1751 915 maim

127 947 263 1017 proprium
283 947 437 1016 episcopum
462 944 567 998 babeat.
608 941 664 996 lice
685 939 741 994 deri
767 937 906 1007 praecepte
958 938 1083 991 ductante.
1107 937 1160 992 Sed
1179 950 1239 991 cum
1258 936 1326 989 launa
1345 936 1405 1005 ejus
1423 945 1495 991 esset
1512 935 1611 1004 rubique
1629 932 1751 991 'celebris

127 1044 209 1106 atque
228 1036 268 1090 eis
288 1036 434 1105 rescripsit,
450 1034 491 1088 uel
513 1031 656 1102 legationi
674 1029 834 1085 eisdirectis
856 1026 908 1083 dici
957 1037 1037 1096 alque
1057 1025 1210 1090 maniicsta,
1233 1034 1374 1096 coeperunt
1393 1027 1494 1082 exinde
1508 1026 1667 1081 arianorum
1688 1028 1751 1096 epi·

127 1127 216 1197 iussit.
228 1135 258 1181 ot
270 1125 339 1180 sicot
351 1125 485 1192 petierunt
501 1123 576 1175 uobis
595 1121 752 1189 episcopum
766 1131 847 1186 ouem
863 1130 910 1170 uo·
958 1119 1032 1187 scopi
1044 1118 1142 1174 inuidia
1157 1119 1230 1188 graui
1246 1119 1375 1187 torqueri,
1387 1119 1560 1187 quotidianis,
1571 1128 1599 1174 et
1612 1117 1752 1187 pracipes

128 1217 230 1277 lueritis
244 1214 387 1280 ordiuelis;
397 1216 448 1269 sub
461 1226 493 1266 eo
510 1220 611 1273 tenore,
624 1219 653 1264 ut
663 1219 760 1264 nostrie
774 1207 911 1277 religionis
960 1209 1085 1280 icyrila,
1098 1224 1159 1264 eum
1173 1209 1313 1265 cnltttuniis
1326 1211 1497 1263 insectantes.
1506 1209 1575 1276 Quid
1588 1210 1751 1279 plurintusol

127 1307 244 1377 episcopi
257 1307 302 1375 qui
314 1303 384 1374 apud
398 1300 652 1370 Cotrstaotiuopulim
669 1309 730 1354 sunt
743 1308 770 1352 et
781 1311 827 1366 per
844 1296 910 1351 abac
960 1299 1111 1369 supperunt
1130 1301 1184 1369 cepi
1199 1302 1233 1355 de
1250 1299 1297 1354 illo
1317 1308 1345 1353 ut
1365 1314 1443 1354 suum
1461 1313 1626 1369 nequaquam
1641 1298 1753 1355 sederet

128 1394 277 1464 provintias
290 1392 417 1458 Orientis,
431 1408 464 1446 ex
477 1391 534 1460 ejus
556 1403 688 1459 precepto
708 1389 821 1442 liberum
835 1384 910 1441 arbi·
961 1392 1097 1454 turonum,
1111 1389 1242 1459 nequead
1256 1391 1301 1444 bei
1319 1391 1445 1459 populum
1462 1391 1572 1445 verboru
1582 1389 1683 1445 laceret
1698 1389 1753 1461 η

128 1484 206 1539 triutu
233 1482 347 1537 babeant
367 1481 395 1536 iu
419 1480 545 1535 Ecclesiis
571 1478 643 1542 suis,
663 1477 758 1547 quibus
778 1475 912 1530 voluerint
961 1488 1129 1534 consuetum.
1151 1479 1251 1533 Deinde
1266 1480 1317 1549 (ul)
1330 1493 1500 1548 quouscunque
1514 1494 1603 1535 untes
1616 1480 1659 1535 tel
1673 1480 1753 1535 lesti-

128 1572 225 1643 linguis
251 1571 349 1640 populo
376 1577 539 1633 atrectare,
571 1577 598 1622 ei
627 1567 712 1636 litim
735 1563 910 1621 Christianam
962 1573 1152 1627 nasinlmbitu
1168 1573 1280 1626 barbaro
1300 1572 1453 1627 incedentes
1471 1573 1497 1626 iu
1518 1570 1750 1642 ecclesiaoonspi·

128 1660 470 1733 coloresquelltadtttoduln
487 1657 598 1723 tosbic,
612 1658 653 1713 lei
667 1673 691 1711 ttt
707 1656 766 1710 aliis
779 1653 909 1717 ecclesiis,
961 1673 1045 1731 cerel,
1067 1664 1230 1734 prohiberet,
1252 1664 1297 1719 {lie
1318 1664 1456 1732 respondit
1477 1673 1506 1717 ut
1525 1665 1624 1719 denum
1649 1665 1752 1719 nomm

127 1768 186 1823 (ιΜ
200 1753 227 1808 ῙΠ
241 1750 387 1822 lf⁰il¹¹⁰li³
399 1749 531 1805 Miicissii
544 1748 694 1803 iilssiliiiiiae
708 1755 780 1810 ⁸¹¹¹¹b
796 1743 908 1800 liberum
924 1755 1007 1815 boel
1020 1756 1144 1810 onmibus
1157 1766 1240 1825 putet,
1254 1756 1384 1810 intrantes
1399 1756 1487 1809 nullus
1498 1757 1594 1823 polerit
1607 1754 1749 1822 repellere.

128 1834 326 1914 albitriumllti·
342 1840 483 1912 babebitis]
497 1841 611 1905 babelis,
628 1840 654 1894 1¹¹
674 1839 796 1901 ecclesiis
816 1835 911 1891 Willis
963 1849 1076 1904 liamme
1088 1849 1149 1916 quia
1168 1846 1261 1915 iugens
1278 1847 1364 1901 luerat
1380 1848 1523 1902 ntultitudo
1537 1855 1691 1901 nostrorum
1705 1860 1752 1902 es·

129 1935 224 1995 mosas
236 1951 326 2007 arere,
341 1935 382 1991 tel
398 1944 635 2002 tracturaeque
650 1933 910 2001 tepisuestresuot.
963 1938 1134 2004 tbolicorum,
1156 1939 1182 1993 in
1198 1938 1290 1993 babitu
1310 1937 1415 1992 illorum
1436 1937 1628 2002 incedentium,
1644 1936 1681 1990 ol)
1700 1936 1752 1992 boe

128 2024 350 2098 quemadmodum
363 2025 452 2092 vullis,
468 2024 568 2081 lucete.
593 2024 659 2078 Nam
674 2025 697 2085 si
713 2023 846 2078 buccinna
865 2035 913 2076 eos
962 2047 997 2101 qn
1015 2031 1031 2083 ιι
1047 2029 1136 2084 ricmiri
1155 2029 1235 2097 regiae
1253 2027 1416 2082 serviebant.

129 2133 181 2174 uon
193 2114 341 2188 l'uerit'[cl.
355 2112 530 2186 resetuutum]
544 2116 724 2177 obsecralum,
740 2122 792 2168 lam
807 2113 912 2182 episco·
998 2119 1041 2175 tl.
1062 2119 1249 2174 Persesolienie
1263 2119 1346 2172 epicla,
1362 2146 1397 2159 -
1419 2119 1454 2173 Aa
1468 2117 1512 2172 ubi
1530 2116 1564 2171 ab
1581 2116 1692 2172 humina
1704 2115 1752 2173 nei

131 2224 180 2279 pus
201 2207 245 2278 qui
266 2207 404 2264 ordinatus
427 2205 509 2260 luerlt
528 2220 607 2274 quam
628 2204 729 2264 elerici.
751 2203 798 2257 sel
819 2211 847 2256 si
867 2200 913 2255 alii
963 2213 1016 2266 tale
1040 2225 1198 2279 responsum
1220 2211 1340 2276 accepit,
1361 2210 1453 2262 sistunt
1475 2208 1502 2263 in
1525 2207 1609 2277 portis
1630 2207 1769 2263 molesia·

129 2299 245 2371 episcopi
258 2313 318 2354 cum
331 2296 435 2352 clericis
448 2295 513 2359 suis,
525 2299 571 2365 qui
584 2295 611 2349 iu
625 2295 757 2351 lll'ricauis
769 2293 912 2363 prouinciis
963 2301 1085 2356 ponpam
1102 2310 1216 2357 iprenses
1231 2317 1237 2352 :
1253 2301 1297 2368 qul
1316 2299 1436 2355 videntes
1451 2299 1574 2357 [eminam
1589 2300 1632 2354 ppt
1646 2313 1752 2355 nm.

129 2399 201 2456 sulit,
215 2388 378 2458 jubebuntur
392 2386 573 2441 interliuuros
587 2385 666 2440 mitti.
684 2406 692 2436 s
709 2383 913 2451 Quodedictum
964 2393 1018 2445 tum
1035 2392 1064 2465 jn
1088 2391 1180 2460 speeie
1202 2405 1257 2445 ιη
1281 2390 1369 2459 gennis
1391 2390 1569 2456 perennantes,
1590 2390 1664 2445 illim
1685 2389 1752 2458 palte

87 2544 92 2553 .
130 2483 192 2536 dum
212 2480 289 2535 nobis
305 2478 488 2545 presentibus,
504 2485 600 2547 quarto
617 2476 723 2531 decimo
742 2475 912 2530 calendarum
964 2481 1111 2536 ,pincellus
1131 2480 1246 2535 dentatis
1262 2480 1340 2550 jactis
1364 2481 1389 2534 in
1411 2481 1509 2547 cupite,
1530 2479 1704 2548 crinibusque
1724 2481 1752 2535 in

130 2566 532 2647 [ecre.n,tunlarnmltuliarum
543 2567 674 2621 illidii&
682 2564 914 2633 300102523108210·
962 2576 1063 2631 eisdem
1079 2575 1220 2645 colligatis,
1235 2588 1267 2628 ac
1282 2573 1465 2628 uehementius
1485 2572 1657 2642 stringentes,
1672 2572 1752 2627 simul

130 2660 627 2733 cnr,gemerncoep›irnusinussitantes,
640 2656 914 2728 ‘'⁰¹1⁰0dss10diii'lil·
964 2680 1023 2720 cum
1038 2665 1139 2734 capillis
1160 2680 1265 2718 erinnem
1287 2663 1438 2732 pelliculam
1460 2663 1554 2732 capitis
1581 2664 1749 2718 auferebant.

131 2758 179 2809 ltus
188 2753 264 2810 dolos
274 2752 404 2807 malorum
414 2759 486 2807 esset
495 2749 583 2805 lutura
593 2748 743 2821 persecutio
752 2755 910 2818 preparata.
965 2755 1089 2811 Nonnulli
1103 2766 1204 2821 autern,
1216 2756 1277 2809 ultum
1293 2756 1344 2809 boc
1360 2754 1447 2820 teret,
1465 2755 1555 2815 statim
1575 2755 1669 2810 oculos
1683 2754 1751 2811 atui-

131 2845 164 2900 lit
178 2846 212 2900 ita
228 2845 314 2915 legato
327 2843 430 2898 dixisse
451 2842 616 2910 probamur:
635 2859 644 2893 ι
663 2841 690 2896 Si
706 2842 740 2895 ita
760 2850 812 2908 cst,
829 2840 913 2894 iuter·
964 2853 1066 2912 serunt,
1085 2843 1129 2897 alii
1153 2847 1210 2913 ipso
1223 2843 1315 2898 dolore
1329 2842 1446 2898 deiuncti
1461 2850 1533 2897 sunt.
1546 2841 1672 2898 liulieres
1685 2856 1752 2898 cero

131 2934 222 3003 positis
243 2934 285 2989 bis
306 2931 503 2989 conditionibus
527 2931 694 3001 periculosis,
718 2931 774 2984 uec
792 2929 913 2985 Ecclesia
965 2945 1025 3005 pust
1044 2935 1111 2989 unite
1135 2949 1250 3002 peusin,
1266 2933 1396 2999 crpittons
1413 2932 1481 3002 pelle
1500 2932 1607 2988 nudatis
1626 2947 1753 3002 praecone

130 3028 283 3097 episcopum
307 3040 359 3080 nort
383 3024 530 3079 delectatur
555 3023 663 3077 babere.
696 3021 747 3094 [cl.
765 3015 912 3088 Gubemell
966 3033 1098 3094 preeunte
1112 3038 1159 3094 per
1173 3024 1282 3091 plateas,
1298 3023 1329 3077 ad
1346 3026 1526 3078 ostensionem
1542 3023 1623 3078 totius
1636 3022 1753 3079 civitatis

129 3117 265 3174 Gubernat
287 3130 345 3172 eam
367 3115 505 3181 Clrrislus,
526 3115 572 3184 qui
598 3129 704 3183 semper
726 3112 849 3183 dignutus
872 3118 914 3168 est
927 3111 949 3175 C
964 3117 1137 3172 diruebantur.
1158 3115 1233 3183 unul
1255 3115 1305 3170 sibi
1329 3117 1490 3185 magisque
1513 3115 1693 3185 patiebantur,
1711 3115 1753 3171 lu·

130 3209 315 3279 gislemaro.»
339 3207 423 3274 Quam
448 3205 644 3276 suggestionem
668 3205 770 3274 legatus
791 3203 912 3273 accipere

131 3297 256 3369 neglexit.
278 3295 362 3353 Simul
377 3306 404 3352 et
424 3299 548 3367 populus,
567 3307 595 3350 ut
617 3308 678 3350 tunc
699 3296 783 3360 lieret,
796 3305 825 3349 ul
846 3296 913 3363 ipsuis

129 3393 240 3458 exarsit,
261 3391 338 3461 cujus
360 3400 418 3445 erat
440 3391 541 3446 clamor
566 3388 751 3455 intolerabilis,
772 3393 816 3461 qui
842 3390 912 3445 nulla

131 3491 219 3554 posset
232 3483 336 3539 ratione
351 3482 448 3538 sedari.

165 3576 211 3635 lll.
230 3574 338 3647 Especii
357 3575 470 3629 uirtutes.
486 3604 520 3614 -
539 3573 666 3629 Ordinato
684 3575 773 3644 itaque
787 3574 913 3644 episeopo

130 3668 262 3738 Eugeniu,
278 3668 335 3723 tiro
349 3675 442 3721 sancto
457 3666 565 3736 becque
582 3675 702 3736 accepto,
717 3667 837 3721 sublimis
852 3675 913 3723 nata

129 3759 285 3828 collatitio,
301 3765 328 3814 et
340 3758 464 3826 gaudium
479 3758 643 3812 cumulatum
658 3766 700 3812 est
715 3758 841 3813 Ecclesiae
856 3759 911 3813 bei.

133 3849 255 3904 Exsultat
275 3846 418 3901 multitudo
438 3846 635 3903 cctbnlicasub
655 3847 768 3901 barbara
789 3847 912 3903 domina·

131 3940 212 4004 tione,
228 3937 263 3994 de
272 3936 439 3993 ordinatione
457 3936 589 4007 pontilicis
606 3939 731 4007 reparati.
747 3939 813 3993 Nam
830 3940 914 3993 maxi·

133 4044 193 4089 titus
220 4043 347 4085 numerus
373 4027 498 4098 juvencum
524 4037 603 4096 aluno
639 4029 913 4092 adolescentularum,

130 4121 237 4177 sibimet
250 4121 276 4176 iu
293 4135 435 4176 commune
455 4121 635 4191 congaudens,
655 4119 830 4174 attestabatur
844 4121 913 4190 quod

132 4227 265 4284 ununquam
287 4211 398 4267 uidisset
419 4213 573 4281 episcopum
598 4212 625 4265 in
649 4210 745 4265 throno
765 4212 913 4267 sedentem.

132 4300 213 4359 Porro
238 4301 285 4358 ille
310 4301 351 4356 tir
370 4300 432 4366 liei,
455 4299 581 4356 sacerdus
605 4300 740 4369 lingendus
763 4301 845 4371 coepit
868 4316 915 4370 per

129 4394 358 4447 conversationem
373 4405 482 4459 operum
502 4390 633 4445 bonorum
648 4390 809 4445 sonorabilis
825 4401 852 4446 ct
868 4408 912 4447 re·

965 3225 1040 3264 eruto
1053 3208 1197 3271 maximnm
1211 3208 1410 3276 computabant.
1426 3207 1545 3274 Qttorum
1559 3220 1608 3260 nus
1622 3205 1754 3274 plurimos

964 3300 1101 3364 nodutus,
1124 3314 1175 3354 uec
1198 3299 1297 3352 scimus
1317 3298 1432 3364 alinuem
1457 3312 1549 3351 curma
1572 3305 1645 3363 tuuc,
1668 3298 1753 3353 etiam

965 3390 1051 3460 plenis
1070 3389 1237 3458 urgentibus,
1257 3395 1361 3442 erecto
1377 3387 1472 3441 itinero
1491 3386 1636 3441 destitisse.
1658 3389 1695 3440 At
1708 3388 1755 3441 ubi

965 3481 1017 3535 istu
1040 3479 1120 3536 ruodo
1142 3478 1202 3533 bdei
1226 3478 1370 3546 iul'riugere
1391 3493 1443 3531 nun
1470 3476 1553 3531 ualttit
1582 3476 1630 3548 [ni.
1655 3475 1754 3549 ullum]

965 3588 1080 3636 murrum,
1095 3570 1194 3640 cogitat
1207 3581 1235 3623 ut
1247 3577 1344 3623 nostrae
1360 3566 1498 3638 religionis
1513 3567 1635 3624 homines
1649 3568 1677 3622 iu
1690 3569 1753 3625 attis

965 3666 1022 3733 cius
1033 3662 1180 3728 actualitati,
1198 3676 1284 3731 neque
1295 3661 1417 3724 annotinis,
1433 3675 1519 3728 necare
1532 3658 1674 3727 stipendiis
1689 3660 1752 3714 suli-

965 3760 997 3812 ιιι
1011 3759 1171 3828 potirentur.
1189 3755 1297 3811 dddidit
1311 3765 1456 3826 quoquest
1472 3755 1606 3809 laboribus
1620 3769 1668 3809 eos
1688 3771 1753 3811 cotr-

966 3860 1053 3904 terere
1066 3847 1217 3904 rusticanis.
1233 3847 1328 3915 Dirigit
1342 3847 1413 3901 viros
1427 3845 1555 3915 ingenuus
1567 3853 1593 3900 et
1607 3845 1753 3900 admodum

965 3939 1093 3994 delicatos
1118 3936 1151 3989 ad
1177 3950 1300 4004 campum
1324 3934 1491 3997 Uticensem,
1513 3943 1542 3987 ut
1564 3933 1614 3989 sub
1633 3935 1755 3989 ardentis

966 4032 1030 4086 >olis
1054 4031 1187 4095 incendio,
1212 4028 1327 4098 cespites
1350 4028 1476 4082 messium
1501 4025 1672 4081 desecarent.
1701 4024 1753 4083 llil

966 4136 1059 4175 omnes
1071 4134 1131 4174 cum
1144 4118 1240 4188 gaudio
1252 4125 1404 4187 pergentes,
1414 4116 1445 4171 in
1457 4115 1569 4170 Domino
1581 4114 1754 4173 laetabantur.

968 4214 994 4266 ln
1011 4226 1123 4282 quorum
1138 4211 1312 4266 cotttubernio
1333 4210 1440 4280 uiridem
1461 4209 1511 4264 lusit
1528 4209 1632 4265 aridam
1650 4207 1756 4266 itabens

966 4318 1089 4367 ntanum,
1111 4316 1170 4372 quae
1192 4317 1239 4372 per
1257 4315 1342 4356 antuus
1366 4301 1575 4370 quamplurimos
1601 4300 1703 4355 nullum
1727 4301 1755 4357 ci

967 4394 1125 4464 prestiterat
1139 4393 1305 4462 obsequium.
1320 4393 1449 4459 Qui‘cum
1471 4393 1601 4448 veraciter
1612 4402 1755 4447 excusaret

131 4481 262 4537 terendus
284 4468 482 4550 naisitanam
500 4481 860 4552 abeisquilorissunl;et
879 4482 914 4538 ita
929 4477 995 4539 [ιιι
1019 4485 1122 4552 operari
1146 4498 1199 4537 ttott
1223 4496 1317 4552 posse,
1344 4483 1427 4552 tnagis
1447 4482 1579 4537 violenter
1597 4481 1690 4550 jussus
1710 4492 1754 4537 est

130 4586 192 4627 esse
205 4573 326 4628 omnibus
339 4586 442 4642 gratus,
456 4583 495 4638 ut,
511 4574 533 4628 ιι
552 4577 591 4628 ιιι
609 4584 690 4637 ιιιιι,
709 4574 824 4628 animam
839 4589 914 4630 suam

132 4677 179 4732 pro
191 4661 285 4719 eodem
296 4664 434 4719 universos
447 4680 545 4733 ponere
555 4667 712 4722 delectaret.
725 4665 915 4737 Eleemosynae

130 4767 235 4823 tpuoque
249 4753 317 4808 tales
333 4768 380 4824 per
398 4769 458 4810 eum
476 4755 604 4811 bonrinus
619 4756 742 4826 dignatus
761 4768 802 4812 cst
817 4757 913 4821 lacere,

130 4858 159 4899 st
182 4844 337 4902 incredibile
361 4846 482 4902 uideatur
502 4856 575 4901 tanta
597 4863 658 4903 eum
683 4850 849 4919 impendere,
869 4850 915 4906 ubi

132 4935 268 5001 Ecclesia,
298 4944 382 4992 totum
409 4937 528 4994 lurbaris
562 4941 731 5008 tenentibus,
761 4957 810 4997 nec
836 4942 915 4997 unius

130 5023 230 5078 nummi
244 5024 342 5081 babere
355 5029 526 5097 cognoscitur
548 5028 711 5087 facultatem.
734 5032 915 5089 Humilitatem

129 5115 156 5169 in
170 5113 226 5177 illo.
242 5113 390 5182 caritatem,
405 5119 532 5186 pietatem
546 5120 673 5175 diuinitus
687 5122 875 5186 condonatum,
890 5124 914 5178 si

131 5206 267 5274 quisquam
291 5203 399 5275 incipiat
422 5207 539 5272 laudare,
569 5224 623 5263 non
649 5211 745 5278 pulerit
768 5212 914 5281 explicaro.

163 5333 176 5362 ⁸
197 5324 251 5380 liae
263 5339 328 5379 uoce
345 5336 449 5381 soleres
460 5328 643 5395 exprimebant
656 5329 843 5386 instructiones
862 5346 908 5388 seu

129 5392 328 5450 atlborlaliones
342 5395 374 5448 ad
388 5397 529 5464 populum,
547 5413 611 5466 quum
627 5398 712 5454 Graeci
729 5400 806 5468 strigo
821 5402 910 5457 bomi-

131 5466 178 5517 lias
191 5464 333 5529 dicebant,
348 5474 377 5518 ut
398 5466 511 5533 ipsomet
527 5467 614 5522 litetur
634 5484 713 5533 supra
737 5470 860 5535 esposuit
879 5472 909 5525 ti·

131 5531 178 5585 bru
190 5547 216 5596 t,
230 5550 303 5589 nutu.
319 5534 352 5597 3,
369 5535 413 5589 ιιιιί
429 5535 498 5590 inter
511 5537 561 5590 atla
577 5540 661 5591 sancti
677 5539 816 5593 Attcttstini
828 5555 908 5608 opera

130 5610 249 5657 tractulus
268 5605 401 5674 populures
417 5622 478 5675 quaes
498 5605 581 5661 Gttcci
599 5608 717 5661 ductilius
731 5619 836 5675 cucerat,
852 5625 909 5665 mc-

28 5742 31 5747 .
131 5681 225 5726 ululat.

968 4590 1088 4644 pergere.
1104 4574 1156 4631 Sed
1171 4573 1216 4628 ubi
1230 4573 1262 4627 ad
1274 4573 1361 4628 locum
1375 4580 1483 4628 rentum
1498 4580 1551 4639 est,
1563 4580 1591 4628 el
1602 4572 1754 4642 praesertim

966 4680 1015 4735 pro
1032 4682 1065 4722 eo
1083 4666 1186 4722 orando
1209 4666 1394 4734 ingemuerunt
1418 4681 1528 4730 omnes,
1546 4667 1646 4738 plelsle
1663 4666 1755 4720 dirius

967 4759 1009 4811 illa
1030 4757 1102 4811 arida
1122 4758 1263 4812 incolumis
1280 4756 1427 4812 confessuri
1445 4759 1568 4812 restituta
1586 4766 1626 4812 est
1645 4766 1755 4811 manos.

967 4848 1033 4902 ilaue
1047 4846 1235 4916 jamilunerici
1255 4847 1406 4916 persecutio
1423 4845 1523 4901 doloris
1541 4854 1621 4916 atque
1635 4848 1756 4916 parturi-

967 4937 1415 5005 mmmmmmmm.

1002 5029 1034 5084 tl.
1057 5025 1199 5081 Hauericos
1214 5027 1240 5080 in
1251 5043 1309 5082 sues
1321 5028 1402 5083 seuit.
1412 5056 1447 5068 -
1458 5025 1517 5098 lpse
1529 5035 1619 5085 autem
1633 5025 1678 5097 uui
1692 5039 1757 5083 sese

966 5122 1019 5190 jam
1041 5117 1142 5173 duduut
1163 5118 1285 5174 outuibus
1308 5121 1395 5174 lenem
1417 5118 1581 5182 ostenderat,
1597 5117 1757 5175 desiderans

969 5221 1027 5281 pust
1046 5210 1146 5266 obitum
1159 5224 1237 5264 soum
1251 5209 1321 5277 ullis,
1336 5212 1407 5282 quod
1420 5222 1431 5250 ι
1444 5226 1496 5266 non
1509 5211 1630 5283 conligit,
1642 5227 1756 5283 regnunt

1002 5330 1016 5370 i
1035 5330 1080 5386 Sic
1094 5338 1123 5384 ut
1140 5329 1283 5398 plurimum
1298 5329 1434 5385 scribitur.
1449 5330 1502 5385 dlii
1521 5328 1630 5401 Gesila,
1645 5340 1693 5386 aut
1704 5332 1759 5404 Cy·

964 5402 1039 5455 rideas
1052 5440 1060 5464 ,
1073 5398 1153 5467 altuni
1174 5402 1253 5454 etium
1268 5399 1398 5469 Cyriiluu
1414 5410 1440 5455 et
1452 5400 1491 5454 sic
1502 5402 1569 5455 inira
1580 5403 1758 5470 quictiescos·

963 5484 1126 5555 ‹prteutlomen
1149 5469 1218 5524 istud
1238 5481 1364 5525 occurrit.
1386 5473 1423 5525 lte
1442 5470 1493 5526 lroc
1512 5473 1594 5525 semel
1615 5472 1759 5529 monuisse

963 5541 1155 5663 burch(battlttdum
1170 5622 1261 5662 resera
1275 5609 1432 5675 cotttipcrat,
1446 5625 1507 5663 cum
1518 5608 1587 5665 liano
1602 5608 1757 5666 ilistoristtt

965 5680 1094 5735 scriberet
1108 5678 1208 5744 lictor,
1222 5691 1292 5732 anuo
1302 5679 1404 5733 scilicet
1416 5679 1484 5747 4873
1499 5678 1546 5736 sed
1557 5689 1648 5744 postea
1664 5689 1760 5739 tamur
