3788 6120
152 277 204 337 tta
754 273 783 330 S.
803 269 925 328 FAUSTl
944 269 1146 326 uuaotansts
1728 267 1781 327 82)

153 391 224 463 guod
237 391 377 449 debemus.
391 391 430 448 Tu
445 405 508 447 uero
522 389 619 446 diuinae
633 403 666 444 ne
680 387 799 444 inuideas
817 383 939 450 bonitati,
954 387 1048 447 Atate
1058 388 1209 455 discedere,
1223 395 1251 445 et
1262 388 1296 445 nd
1307 388 1392 446 ierem
1406 388 1561 446 tentationis
1568 398 1664 446 atum
1675 388 1779 445 intruis

151 484 175 538 si
189 498 257 554 opus
270 481 340 552 quod
360 497 375 536 a
396 498 439 538 me
456 482 503 538 iilo
523 481 666 551 adjurante
685 480 866 549 benegestum
881 486 939 543 est,
992 478 1781 551 reditedetteere.videamusquasetnarerenuentia,ertu

152 574 195 630 uel
208 576 288 630 etiarn
302 582 410 643 accepta
428 572 608 644 perdiderint?
624 572 679 626 lloc
698 584 796 640 genere
815 584 865 624 nee
878 581 942 622 con·
992 583 1085 640 parum
1103 586 1152 640 pro
1163 574 1336 642 consequenti
1352 573 1539 631 incredulitate
1552 574 1695 645 prolueris.
1711 575 1779 630 ane

153 668 219 720 terti
243 678 291 720 eos
319 667 477 734 permittunt
503 664 572 720 mala
602 660 796 733 praeualentis,
823 674 872 714 neu
896 673 940 712 su·
992 674 1073 716 serra
1088 662 1125 715 illi
1141 662 1168 716 in
1185 663 1328 733 Evangelio
1340 665 1557 734 magnisdebitis
1571 674 1598 722 et
1611 666 1711 721 animae
1724 666 1780 720 lan·

153 756 223 812 atari.
992 752 1120 822 guntinus
1142 768 1291 822 oppresso,
1316 753 1409 810 decem
1427 755 1508 810 millia
1534 756 1651 819 talenta.
1677 771 1738 827 qua
1754 760 1778 812 ei

466 846 579 902 CAPUT
599 846 630 901 v.
991 841 1103 898 remissa
1116 842 1282 910 uidebantur,
1299 859 1347 915 per
1361 846 1461 901 crimen
1476 847 1590 915 propria
1604 847 1714 901 malitiae
1730 848 1777 902 ad·

152 935 250 994 deutra
267 937 316 993 ltoe
332 937 402 1007 quod
423 936 603 992 dicatttrllan
623 946 675 991 tam
697 938 775 992 ualuit
791 953 868 1008 qaam
890 952 941 991 nan
989 929 1068 1001 lectis
1095 933 1259 990 cruciatibus
1282 934 1433 1005 exiguntur.
1457 935 1507 993 unt
1539 947 1566 993 et
1584 937 1777 994 advertendum

189 1007 893 1080 almi⁸01W³²⁸⁸²tl¹⁴⁵leffiltl'wlll0dlell'l'l‘5
906 1004 941 1060 Et
991 1031 1033 1077 est
1045 1024 1180 1092 quomodo
1202 1023 1331 1094 acquisita
1346 1026 1507 1094 perduntur,
1531 1037 1558 1083 et
1571 1021 1702 1085 benedeia
1722 1028 1777 1100 jam

188 1093 239 1133 ’'⁰''
252 1087 367 1138 ”mmm
382 1077 492 1133 mm·
990 1110 1086 1168 collata
1097 1125 1265 1169 revocantur.
1280 1115 1332 1172 Sed
1348 1125 1374 1172 ct
1386 1116 1432 1172 ille
1443 1116 1580 1187 depulsos
1593 1133 1625 1176 se
1640 1121 1777 1177 immundo

189 1209 262 1265 buter
280 1210 339 1265 bac
353 1223 413 1264 cum
428 1209 545 1265 loartnes
557 1209 720 1280 euangelista
731 1220 939 1267 cotnmemnrer:
991 1204 1084 1275 spiritu
1099 1206 1132 1261 ad
1148 1207 1356 1278 tempnslegitur
1371 1207 1453 1266 luisse
1466 1221 1587 1277 sanatus,
1601 1212 1634 1268 de
1645 1227 1700 1283 quo
1713 1214 1776 1271 dicit

154 1298 297 1372 Propterea
322 1317 375 1357 aaa
400 1311 516 1375 poterant
536 1304 649 1371 aedae,
671 1306 733 1375 quia
758 1307 850 1360 iterum
875 1306 941 1360 dixit
990 1297 1196 1354 demioditilltls
1211 1316 1218 1354 :
1234 1299 1392 1357 cantualem
1405 1303 1552 1360 immundae
1565 1306 1672 1377 apt'rt‘ltta
1687 1307 1775 1362 elferii

151 1390 237 1449 lenias
252 1408 262 1449 .·
276 1392 420 1449 Eacaeeaait
438 1394 526 1449 naalon
542 1410 647 1460 comm,
663 1404 687 1449 et
705 1395 832 1449 induravit
852 1410 940 1449 earam
990 1388 1143 1457 abdomina,
1153 1392 1310 1460 perambulat
1320 1395 1521 1466 paloroarida
1531 1401 1776 1468 gaereasraaat'em.

152 1499 197 1540 aar
215 1482 305 1555 (loon.
321 1499 373 1550 ¹¹¹3
388 1482 444 1540 lta.
459 1485 508 1554 rr),
531 1483 582 1540 lton
605 1485 665 1540 loco
685 1484 800 1541 elocutio
815 1484 939 1540 aurneinan
990 1489 1073 1535 elnon
1086 1481 1375 1546 investiensstuaedicit
1386 1486 1526 1541 :Reuertar
1539 1488 1567 1542 in
1579 1487 1683 1543 dentata
1697 1505 1777 1544 areant

151 1575 192 1631 alc
204 1583 323 1644 resonat,
334 1576 411 1646 quasi
424 1575 464 1632 eis
476 1590 529 1631 nou
543 1575 616 1631 credi
624 1575 669 1630 ndi
681 1574 827 1630 necessitas
840 1574 940 1645 inrpoui
991 1572 1059 1627 snae
1070 1573 1146 1627 esini.
1161 1572 1195 1627 Et
1210 1575 1311 1629 aeaiena
1319 1576 1414 1631 inuenit
1422 1587 1561 1644 amanam,
1573 1579 1658 1648 scopia
1670 1581 1776 1634 manda·

152 1665 274 1723 rideatur
299 1667 400 1724 inritis.
427 1665 479 1722 Sed
507 1681 539 1722 ex
563 1665 617 1722 illis
637 1678 745 1720 causam
768 1664 811 1720 uel
835 1664 940 1734 culpant
994 1665 1470 1737 tametoraatamllaa.arr),idest‚
1485 1677 1624 1726 vacuatam
1638 1671 1776 1727 virtutibus

153 1757 348 1822 incredulitatis
374 1766 497 1813 exortam
520 1756 547 1813 in
571 1755 798 1825 consequentibus
818 1741 1019 1812 iectionisssel
1044 1753 1206 1810 vanitatibus
1232 1755 1416 1825 adimpletam.
1439 1757 1513 1813 Tune
1533 1759 1604 1813 tradit
1628 1768 1654 1814 et
1672 1760 1777 1816 assumi

152 1850 219 1906 ordo
233 1850 384 1904 munilestnt
400 1851 434 1904 ita
449 1850 541 1904 dicens
561 1866 569 1902 ι
588 1847 766 1903 Verumtamen
780 1856 803 1902 at
818 1862 851 1901 ea
869 1847 941 1918 prin·
991 1853 1086 1915 septem
1103 1844 1169 1901 alios
1182 1847 1288 1917 spiritua
1301 1863 1386 1903 tecam
1405 1850 1538 1923 amariores
1557 1867 1600 1918 se,
1614 1861 1639 1907 et
1654 1853 1777 1911 intrantes

152 1941 251 2012 cipibus
265 1942 338 1995 atalti
351 1940 514 1994 erediderunt
533 1939 560 1992 ia
575 1953 651 2006 man,
668 1938 714 1991 aad
726 1945 828 2007 propter
846 1935 942 1990 anri·
991 1936 1105 1992 liabitant
1116 1937 1172 2004 ιιι,
1192 1947 1217 1993 ct
1237 1939 1301 2008 aaut
1315 1941 1449 1996 numanae
1462 1944 1574 1998 bominis
1595 1943 1669 1999 iltis·
1689 1945 1776 2016 paors

152 2047 216 2086 sens
225 2047 276 2083 nna
286 2028 481 2098 conterebantur,
495 2039 521 2079 at
535 2026 567 2080 de
579 2040 709 2096 sgnnpuga
718 2041 768 2079 non
778 2026 939 2093 eilrat-alar.
990 2027 1129 2098 prioribus.
1144 2027 1214 2084 Ecce
1226 2030 1269 2085 eui
1284 2031 1425 2087 sanitatem
1435 2032 1561 2089 collatam
1573 2048 1635 2090 esne
1648 2049 1701 2089 uon
1716 2049 1776 2106 pro·

152 2120 501 2192 Dileserantenintploriam
514 2119 643 2174 lrarttinam
656 2121 735 2188 tnagis
748 2117 941 2188 aaantploritmt
991 2119 1049 2175 luit
1074 2119 1102 2174 ln
1125 2135 1205 2191 ortem
1229 2121 1409 2193 multiplicatis
1430 2124 1510 2181 maiis
1531 2126 1643 2182 nocitus
1664 2126 1776 2198 languor

151 2214 201 2269 aet
216 2212 323 2284 (lenna.
339 2213 398 2284 an).
418 2212 548 2268 Absolute
571 2212 614 2267 hie
632 2212 752 2278 indicat,
767 2211 838 2266 sicut
860 2220 888 2266 et
906 2212 940 2267 de
991 2210 1109 2267 incubuit
1124 2219 1152 2267 et
1166 2212 1288 2268 increuit.
1305 2213 1359 2271 Sed
1373 2224 1400 2272 et
1414 2217 1466 2272 alio
1479 2217 1537 2273 loeo
1557 2219 1580 2274 is
1601 2220 1647 2288 nul
1661 2228 1721 2289 post
1734 2233 1776 2275 ac·

151 2308 262 2365 Simone
274 2307 403 2377 legimus,
426 2306 508 2362 etiam
531 2303 684 2360 infidelibus
698 2304 751 2359 ritn
776 2303 941 2360 credulitatis
990 2312 1093 2372 ceptum
1110 2304 1231 2360 notitiam
1247 2307 1377 2375 tertianis,
1400 2308 1425 2364 id
1438 2291 1494 2376 eat,
1508 2320 1568 2380 post
1581 2310 1706 2367 collatam
1721 2314 1776 2379 (ve-

151 2397 236 2473 tuisse
253 2400 378 2455 collatam
400 2397 519 2468 :quibus
538 2397 607 2453 sieut
620 2395 731 2452 incultas
744 2395 869 2451 credendi
890 2397 940 2451 ad·
990 2393 1108 2465 ritatem)
1129 2395 1179 2450 sibi
1193 2411 1285 2453 curam
1306 2398 1415 2467 salutis,
1437 2401 1594 2472 sanguinem
1619 2389 1776 2459 'testamenti

152 2490 218 2557 luit,
242 2490 278 2544 ita
295 2491 419 2545 uoluntas
432 2489 516 2544 deluit
540 2486 695 2544 cottiitendi.
716 2487 792 2556 Quod
811 2488 938 2551 credunt,
990 2484 1122 2555 pollutum
1134 2486 1258 2554 duxerat,
1274 2488 1301 2543 in
1313 2504 1366 2560 quo
1378 2489 1558 2547 sanatidcatus
1570 2501 1627 2561 est,
1642 2492 1669 2547 io
1682 2501 1733 2560 est,
1747 2494 1773 2548 iu

152 2585 246 2656 gratiae
263 2583 371 2653 largitas
390 2590 446 2649 est;
457 2581 528 2651 qaod
542 2580 734 2652 professionem
751 2578 861 2635 creditis
885 2593 938 2634 non
989 2589 1042 2645 qtto
1056 2584 1165 2631 sanatus
1181 2587 1232 2645 est,
1248 2578 1369 2647 gratiora
1385 2579 1481 2636 mereri
1503 2582 1634 2653 supplicia
1646 2583 1775 2651 Anmtota

151 2674 366 2739 aecomrttndant,
381 2673 478 2729 mentis
492 2673 650 2744 improbitas
664 2682 720 2737 est;
734 2681 762 2727 et
775 2670 939 2741 impleturin
989 2673 1133 2722 atusnute
1156 2668 1321 2738 perhibetur.
1344 2669 1391 2726 Sic
1410 2672 1498 2742 itaque
1515 2675 1600 2744 gratia
1623 2675 1649 2730 in
1671 2675 1775 2745 culpstu

150 2765 211 2822 0122
228 2765 278 2832 Qut
293 2775 377 2820 natent
396 2781 447 2820 nan
459 2763 547 2831 nabet,
561 2763 717 2836 eliamaaotl
728 2762 801 2818 ltabet
811 2761 940 2830 auferetur
989 2756 1112 2826 uertitur,
1125 2758 1178 2813 nisi
1191 2759 1312 2815 custodia
1327 2762 1514 2833 subsequatur.
1530 2763 1583 2820 Sed
1598 2766 1625 2822 in
1640 2765 1683 2823 itis
1697 2782 1775 2823 eran·

151 2860 224 2912 nien
249 2856 346 2928 (datan
370 2858 418 2926 ru).
441 2856 510 2911 Eece
530 2854 664 2925 quomodo
680 2854 778 2910 bonnm
793 2854 939 2910 uoluntatis
989 2847 1083 2917 gelista
1106 2849 1246 2905 bintthaeus
1266 2851 1328 2906 durn
1351 2852 1528 2911 incrassatum
1551 2870 1615 2923 cor,
1639 2857 1775 2913 obturatas

151 2959 179 3004 et
191 2948 251 3004 ltdei
271 2946 388 3001 admitte
406 2948 506 3002 malitia
529 2946 700 3014 depravavit,
715 2947 784 3000 sicut
806 2947 860 3001 alio
879 2945 939 3001 luco
988 2953 1085 3008 ιιιιι,
1100 2941 1259 3013 clausosque
1272 2943 1365 3000 oculas
1379 2945 1411 3004 ad
1427 2946 1532 3018 culpam
1547 2946 1664 3004 botninis
1679 2951 1773 3016 reteri,

150 3039 178 3094 in
191 3040 286 3093 endem
301 3036 448 3106 Euattgelio
466 3036 523 3105 ipse
537 3035 666 3090 Dominus
679 3035 744 3090 dicit
770 3053 777 3090 :
802 3036 936 3103 Qaaauado
987 3047 1036 3088 cur
1049 3049 1102 3089 non
1124 3043 1284 3092 satiarentur
1297 3038 1431 3106 apertiore
1457 3054 1553 3109 sensu,
1580 3049 1610 3097 et
1630 3040 1773 3098 dilucidata

151 3127 256 3185 octenis
269 3142 312 3180 aas
325 3126 436 3191 credere,
446 3126 489 3194 gai
499 3125 609 3194 gloriam
620 3124 653 3180 ab
662 3124 767 3179 lancem
777 3123 903 3192 accipitis,
912 3133 936 3178 et
949 3095 972 3160 c
987 3127 1090 3180 ratione
1102 3125 1250 3193 perdocuit,
1264 3126 1328 3183 dum
1346 3127 1478 3201 (inquam)
1490 3129 1556 3186 dicit
1571 3148 1578 3184 :
1598 3129 1773 3206 internecarent

151 3220 260 3291 gloriata
285 3233 342 3290 gata
363 3218 448 3272 asolo
460 3227 499 3272 est
517 3213 570 3271 Deo
589 3232 641 3271 nna
653 3216 768 3288 quamtis
785 3214 874 3286 (loon.
887 3215 935 3288 u)i
986 3225 1023 3270 eat
1035 3230 1079 3268 cnr
1093 3216 1180 3287 papali
1190 3216 1283 3288 bajas,
1298 3225 1321 3271 et
1338 3218 1443 3274 auribus
1460 3221 1568 3292 grauiter
1582 3221 1736 3288 audierant,
1751 3233 1774 3280 et

153 3309 234 3365 Vides
252 3324 316 3378 ergo
330 3308 390 3379 quia
405 3307 474 3363 sicut
489 3305 640 3377 suppressis
655 3307 744 3364 causis
764 3305 936 3363 absconditur
986 3302 1075 3358 oeulos
1089 3321 1150 3360 taos
1164 3306 1320 3361 clauserant.
1333 3307 1427 3366 Nonne
1440 3310 1486 3366 tibi
1497 3310 1602 3368 ridetur
1611 3313 1684 3370 uelut
1695 3314 1773 3370 inter·

151 3400 261 3468 ueritas,
275 3401 310 3455 ita
330 3397 478 3455 utanilestis
493 3406 645 3454 remoretur
657 3396 822 3454 obscuritasi
835 3413 894 3468 quae
909 3398 935 3452 in
987 3396 1154 3465 rogantibus,
1173 3411 1221 3453 eur
1234 3397 1358 3456 uidentes
1372 3416 1426 3455 nou
1442 3401 1564 3465 uideant.
1582 3411 1611 3458 et
1634 3403 1773 3460 audientes

150 3491 226 3547 laia
249 3492 403 3547 testimonio
431 3488 571 3545 densiores
594 3490 673 3560 paulo
696 3486 807 3545 nebulas
831 3487 937 3544 videtur
987 3501 1040 3542 non
1051 3486 1210 3558 intelligant,
1227 3489 1378 3546 evidentem
1390 3494 1511 3563 protinus
1524 3491 1631 3550 dedisse
1643 3495 1773 3551 rationein

150 3584 304 3647 abducere,
331 3583 392 3637 duta
411 3596 457 3636 eos
480 3596 548 3651 quas
572 3580 679 3650 propria
698 3580 817 3650 nequitia
838 3579 935 3634 surdos
986 3578 1020 3634 de
1032 3580 1119 3634 cattsis
1129 3590 1237 3650 propter
1250 3595 1315 3651 guas
1325 3597 1378 3638 uon
1390 3582 1493 3638 rideant
1507 3599 1593 3652 neuun
1603 3585 1772 3656 intelligunt

150 3690 291 3744 «meusque
315 3672 483 3737 reddiderat¹
498 3686 514 3726 a
532 3672 587 3726 beo
606 3669 880 3736 assentiabamus,
902 3685 936 3724 ne
987 3670 1047 3740 quia
1067 3672 1162 3727 audire
1177 3671 1319 3742 stridere,
1335 3673 1426 3743 idest,
1444 3675 1595 3746 intelligere
1612 3689 1640 3734 et
1664 3678 1772 3735 obedire

151 3766 220 3821 lanc
235 3779 365 3820 contensa
388 3763 421 3818 ad
437 3764 520 3818 Deum
538 3759 620 3817 corde
639 3768 777 3815 sanentur.
797 3759 888 3830 ltaque
907 3767 936 3816 ut
986 3761 1770 3840 noltterunt.Quialinquit)unaamaesobediantEnangelin.

151 3857 285 3927 paululum
303 3856 457 3911 dilleraatus
469 3854 539 3925 quod
553 3853 694 3910 liattlueus
712 3853 830 3925 apertius
845 3851 935 3908 eloeu·
986 3853 1046 3921 auia
1070 3860 1125 3907 tata
1148 3853 1188 3908 die
1209 3854 1322 3924 expandi
1340 3871 1432 3911 manas
1448 3871 1517 3913 ureae
1529 3857 1563 3912 etl
1580 3859 1705 3930 populata
1723 3875 1772 3914 nnn

152 3960 194 4004 ans
206 3959 247 4005 eo
266 3947 340 4017 juxta
355 3946 437 4016 ipsius
449 3945 582 4001 sermonis
597 3945 712 4015 rigoretn
722 3985 730 4011 ,
742 3943 787 4015 otri
801 3958 834 3999 es
845 3942 935 3999 uerbis
986 3942 1127 3999 credentem
1140 3952 1165 3999 et
1184 3945 1415 4014 contradicentem·
1428 3947 1497 4004 sicut
1513 3948 1594 4005 etiarn
1606 3964 1655 4020 per
1667 3964 1698 4007 se
1717 3949 1771 4020 janu

151 4041 288 4112 pmpltetuu
307 4038 439 4094 austerius
453 4037 569 4108 percutit
579 4035 691 4108 legentis
704 4035 839 4102 auditum,
855 4033 935 4090 altius
985 4037 1112 4093 Dominus
1132 4037 1250 4107 loquitur
1265 4057 1272 4093 :
1287 4036 1473 4096 sacrosantae
1486 4030 1605 4108 caeliani,
1621 4043 1672 4113 ipsi
1689 4052 1771 4097 amera

150 4133 316 4205 requiramus
329 4147 412 4202 quare
427 4132 478 4186 lroc
489 4129 548 4186 loco
560 4125 632 4186 nolle
643 4138 750 4200 putetur
764 4126 893 4183 Dominus
904 4134 936 4181 ut
985 4144 1025 4184 nae
1047 4140 1206 4199 apreaeraat.
1230 4132 1264 4186 Ει
1286 4132 1381 4188 iterum
1405 4150 1412 4185 :
1438 4132 1564 4201 Quoniam
1586 4132 1773 4205 dereliquerant

149 4219 933 4291 sanentur,idest.nentomentaneaconuersionesuscepta
984 4236 1072 4275 aenam
1094 4223 1366 4291 aquaramaiuentiata
1387 4222 1533 4279 dominam.
1555 4224 1589 4280 Et
1609 4225 1638 4281 in
1661 4225 1773 4282 Actibus
1854 4250 1885 4261 w

150 4318 254 4375 collatis
267 4314 403 4371 lteneilciis
420 4312 573 4382 abutantur,
588 4312 671 4379 iram,
683 4325 744 4366 curu
755 4309 859 4383 probati
873 4307 932 4365 lue·
985 4313 1175 4382 Apostolorum
1194 4332 1200 4369 ε
1219 4314 1338 4370 Videatea
1357 4314 1466 4389 (inquit)
1485 4315 1590 4384 taam,
1605 4318 1697 4388 repleti
1713 4326 1773 4374 teat
1819 4318 1888 4357 ς

149 4410 217 4475 rint,
231 4417 381 4475 susceptam
395 4403 546 4476 neglexisse
558 4418 590 4457 ac
603 4401 737 4473 respuisse
760 4401 874 4458 recidiva
889 4399 932 4456 in·
985 4403 1057 4472 sela,
1080 4414 1105 4459 et
1121 4405 1328 4461 contradicebant
1341 4403 1382 4462 bia
1399 4422 1457 4476 aaa
1475 4405 1592 4463 aPattln
1610 4408 1772 4474 dabutur,

149 4500 274 4556 tirmitste
285 4499 455 4562 medicinam,
470 4496 540 4551 sicut
550 4494 594 4550 ille
606 4492 639 4549 ad
650 4508 730 4564 quem
740 4492 797 4564 ipse
805 4493 932 4547 Dominus
947 4459 973 4521 ⁰
986 4495 1185 4565 blasphemantes
1197 4497 1263 4552 eiam
1275 4495 1379 4553 llantiar'
1388 4497 1458 4570 (ner.
1468 4499 1540 4568 aur).
1553 4498 1587 4554 Et
1596 4497 1695 4554 itemm
1707 4515 1716 4552 s
1727 4498 1888 4553 itt-f

147 4591 266 4662 loquitur
281 4609 287 4642 ι
302 4588 361 4643 lant
375 4605 452 4643 sanus
464 4589 599 4660 [aalma.
613 4584 666 4640 noli
679 4600 796 4657 marma,
811 4600 843 4639 ne
859 4583 931 4638 dete·
985 4588 1065 4642 stabat
1092 4587 1201 4658 linquit)
1215 4589 1289 4642 aerbo
1309 4586 1429 4657 Paulas,
1445 4589 1581 4660 ardicam
1601 4587 1705 4646 laneis
1722 4588 1888 4645 μείς

148 4681 203 4736 sias
217 4680 261 4734 tibi
274 4680 370 4747 aliquid
383 4679 521 4749 contingat.
542 4677 661 4734 Adverte
673 4677 791 4734 bonitate
811 4677 932 4732 sanitatis
985 4680 1112 4736 Cariniana
1131 4681 1232 4739 lesam.
1247 4681 1482 4738 contradicentibus
1503 4693 1526 4738 et
1541 4683 1835 4754 naeptetatnattff
1855 4679 1888 4713 ἵ

40 4784 46 4810 ·
148 4772 259 4843 impiata
270 4769 441 4839 praegravari.
457 4769 501 4822 Sic
511 4767 615 4823 Pharao
625 4767 767 4824 insultasse
781 4766 932 4834 depreltan·
984 4772 1271 4827 aaaadeaauestinaenta
1292 4789 1340 4828 aaa
1360 4772 1425 4829 dia't
1440 4789 1450 4828 .·
1464 4774 1576 4847 Sanguis
1595 4787 1681 4830 nester
1699 4785 1823 4849 sapa(
1857 4769 1888 4785 ”

147 4861 219 4918 ditur
244 4859 437 4918 misericordie
462 4858 531 4923 uei.
553 4874 631 4929 (ιιιιιιι
647 4859 768 4916 addictus
794 4859 930 4930 plagarum
984 4874 1060 4938 eaput
1072 4874 1179 4919 uestram
1196 4867 1259 4931 eril,·
1281 4866 1391 4920 mandas
1403 4881 1450 4936 ego
1462 4883 1495 4922 es
1513 4866 1561 4920 boa
1571 4867 1628 4939 inat
1643 4869 1678 4921 aa
1688 4879 1815 4940 geaten
1885 4866 1888 4873 '

146 4955 347 5025 resipiscentem
361 4960 389 5007 et
402 4960 619 5014 autumnalem,
635 4960 663 5009 et
676 4951 861 5009 humiliantem
885 4966 930 5018 se,
982 4958 1074 5013 cadam
1089 4958 1157 5031 (Act.
1174 4961 1260 5024 autur).
1285 4958 1520 5015 Contradiceuaibat
1539 4960 1653 5033 (innuit)
1672 4962 1728 5016 illis
1754 4967 1803 5016 et
1885 4950 1888 4961 '

143 5047 251 5119 quaties
269 5060 365 5102 sanare
385 5045 488 5109 soluit,
509 5045 588 5100 toties
611 5044 773 5101 deteriorem
795 5058 857 5099 esse
871 5053 932 5114 post
982 5044 1224 5118 blaspbemantiaar.
1239 5049 1306 5104 Vide
1318 5053 1453 5121 quomodo
1467 5049 1584 5107 remedia
1602 5051 1704 5122 ingerit
1722 5068 1800 5108 mea

145 5135 932 5208 inmanitatemclementiadeprehendit.Quarelinquam)
981 5139 1113 5206 dicus‚et
1130 5149 1238 5197 recusat
1255 5150 1381 5213 egrotus.
1405 5143 1523 5212 Quorum
1543 5142 1671 5200 duritiam
1694 5145 1785 5202 etiam

142 5236 211 5292 istos
222 5247 321 5289 sanare
333 5230 501 5288 dissimulat!
512 5246 546 5286 ne
557 5230 623 5286 liant
635 5228 930 5301 utiqueilliussimiles‚
983 5229 1078 5287 aestus
1099 5231 1251 5302 Stephanus
1267 5234 1325 5305 pari
1342 5235 1499 5290 auctoritate
1522 5234 1646 5305 increpat
1663 5235 1782 5299 dicens,

141 5326 184 5394 gai
197 5341 274 5397 repra
284 5334 385 5397 petrosa
398 5323 595 5388 sentinotaaeat,
611 5321 637 5376 id
650 5330 700 5386 est,
714 5321 757 5392 qai
770 5321 805 5375 ad
819 5337 930 5376 neomen-
988 5321 1162 5378 ladreaneai
1188 5324 1266 5379 corde
1289 5333 1314 5379 el
1334 5324 1458 5390 attribue,
1476 5341 1522 5381 sos
1542 5339 1643 5397 eeatper
1664 5325 1777 5392 Spiritui

140 5429 194 5472 tara
207 5433 264 5471 cam
274 5415 369 5487 guadio
381 5414 487 5486 amcipb
500 5413 612 5478 uerbum,
623 5413 669 5483 aui
679 5414 714 5465 erl
727 5421 826 5480 amnas
839 5411 929 5478 credit,
989 5427 1073 5473 arcta
1096 5417 1222 5472 restitistis
1245 5417 1313 5487 (Act.
1329 5416 1388 5490 uu).
1412 5416 1482 5473 Ecce
1503 5432 1588 5488 quare
1605 5417 1701 5474 tinere
1723 5432 1771 5474 nan

140 5518 165 5561 ea
178 5509 205 5562 in
218 5517 331 5578 tempas
345 5506 491 5562 mariansis
507 5502 718 5574 resaisitione
732 5505 781 5574 aa).
801 5503 871 5572 Quid
889 5513 931 5558 est
985 5519 1116 5579 munt:
1132 5510 1193 5579 quia
1213 5509 1322 5579 Spiritui
1338 5519 1432 5566 sancto
1444 5508 1592 5575 resistunt,
1616 5516 1699 5579 atque
1719 5523 1770 5566 aaa
1873 5560 1879 5575 ,

143 5610 356 5656 ntumetttaneam
367 5599 504 5669 suscipere
515 5598 668 5663 sanitatem,
679 5597 767 5665 idest,
782 5597 815 5652 ad
828 5607 930 5666 tempus
984 5600 1083 5656 clausis
1093 5609 1187 5670 sponte
1198 5600 1282 5656 oculis
1295 5600 1383 5656 lumen
1395 5599 1516 5656 ueritatis
1527 5600 1686 5657 excludunt.
1700 5600 1768 5669 Quod

142 5689 263 5759 credere,
279 5700 306 5748 et
316 5691 344 5749 in
355 5700 476 5762 temaore
485 5688 641 5747 tentationis
654 5704 703 5759 prn
717 5691 797 5748 anitni
813 5691 931 5751 inlideli·
987 5706 1051 5762 ergo
1065 5693 1091 5747 in
1106 5691 1250 5761 Evangelio
1264 5691 1384 5763 sequitur
1397 5699 1425 5748 et
1437 5691 1503 5748 dicit
1517 5708 1525 5746 z
1548 5689 1591 5748 lle
1601 5694 1672 5761 [aare
1695 5694 1769 5747 υιιιιι
