3788 6120
131 300 165 355 sl
848 300 1013 362 bulsinus
1034 302 1077 358 tl.
1729 309 1764 364 ts

131 413 238 484 cupitis,
267 411 311 468 rel
333 410 422 467 saluti.
455 400 521 466 Data
547 420 645 482 quarto
667 411 728 469 idus
752 415 760 445 ¹
786 413 964 479 lanuarlssA
1013 414 1080 471 Nota
1100 427 1214 486 namque
1234 423 1262 471 et
1282 417 1407 472 omnibus
1427 416 1481 473 tltic
1502 419 1676 487 potestatibus
1689 422 1762 476 cele·

132 508 219 579 (anno
238 503 306 561 Cirr.
327 503 410 576 lid),
431 503 560 579 Basilisco
578 507 697 576 Augusto
710 504 923 580 [brantomis]
975 507 1066 572 brata,
1081 523 1142 578 quae
1156 514 1255 562 sancte
1274 509 1409 563 memorie
1424 509 1607 578 predecessor
1620 527 1696 568 meus
1710 513 1763 568 Leo

132 596 253 654 eottsule.
974 599 1007 654 ad
1018 598 1240 655 consultationem
1253 609 1372 669 augustae
1387 600 1579 656 recordationis
1589 600 1687 658 Leonis
1696 605 1761 658 teri-

407 729 418 759 ,
438 727 604 785 fflswm
623 728 654 785 v·
900 718 903 723 ·
975 691 1073 760 petris,
1094 696 1122 745 et
1140 705 1218 758 qnam
1234 699 1393 746 veneranter
1412 701 1520 760 accepta
1540 694 1610 760 rint,
1632 709 1763 763 recogno·

319 835 442 876 mm„
460 835 534 875 m
553 836 586 876 m
605 834 731 876 mm
974 791 1050 837 scant
1066 798 1073 834 ι
1091 790 1218 851 appareat
1238 782 1277 836 sic
1297 782 1341 854 (ιιι
1363 783 1540 855 eottltditnus)
1565 785 1622 854 ejus
1645 786 1764 841 imitatur

126 917 227 973 Scribit
247 917 355 979 bracio,
370 923 398 968 ut
418 914 488 968 omni
508 922 600 967 conotst
620 913 724 966 obsistat
740 910 871 967 Timotheo
893 929 925 966 ne
975 870 1054 936 Μ’
1070 871 1162 941 mim*
1179 873 1340 942 ”mmmm
1359 873 1427 941 ⁰⁰⁰³
1444 874 1550 945 dignm
1568 885 1609 930 ⁰⁸¹
1623 891 1763 933 ’ΜΡΝ

166 987 306 1042 mengum
323 983 479 1049 nimpe,
503 984 570 1054 quod
590 981 635 1038 ,qq
655 983 724 1054 mg
744 984 924 1054 immam„
974 959 1098 1029 imperii:
1114 961 1218 1032 sibique
1229 962 1357 1031 scriptum
1371 963 1500 1028 estimet,
1517 964 1642 1034 quitquid
1658 974 1719 1021 ante
1732 981 1764 1022 se

166 1060 270 1130 operor,
286 1057 415 1110 debentur.
974 1051 1139 1121 principibus
1150 1051 1192 1118 pia
1203 1061 1245 1107 est
1256 1052 1382 1106 traditum
1397 1053 1521 1109 lectione.
1537 1056 1582 1110 llla
1594 1067 1635 1112 est
1648 1073 1762 1128 namque

177 1168 332 1240 simpqequ,
345 1181 411 1238 βψ,
426 1163 527 1222 meg„
540 1164 669 1236 epqscopo
683 1165 878 1222 Comum,
973 1142 1144 1243 perennitas,
1160 1144 1288 1214 regnique
1306 1160 1352 1215 per
1366 1148 1462 1201 seriem
1487 1148 1655 1218 propaganda
1671 1161 1763 1220 puste-

467 1236 596 1305 politano.
972 1239 1049 1295 rttas,
1063 1231 1123 1286 siin
1137 1247 1293 1289 successore
1304 1237 1448 1304 reperitur,
1459 1238 1552 1307 quoda
1565 1239 1764 1309 predecessore

164 1329 299 1396 Quantm
314 1327 531 1398 presbyterorum
553 1333 581 1380 ct
600 1339 633 1380 cr
655 1323 770 1381 dirersis
785 1333 922 1382 monaste·
973 1318 1122 1376 descendit.

125 1423 178 1478 riis
189 1421 303 1476 Domlno
314 1418 489 1474 servientium
501 1415 693 1475 monachorum
705 1417 837 1472 tennione
849 1426 923 1487 pate·
1009 1410 1107 1467 ttrite
1125 1426 1205 1481 ergo,
1220 1412 1302 1468 irater
1316 1413 1470 1481 carissime,
1485 1425 1514 1470 ιιι
1532 1417 1618 1473 modis
1639 1419 1763 1477 omnibus

122 1514 225 1568 lactum
239 1520 291 1573 est,
309 1510 443 1565 Ecclesiae
457 1507 561 1563 Domini
577 1521 672 1562 rursus
685 1505 809 1563 dioboles
823 1507 922 1576 inquie-
973 1504 1101 1560 faciende
1120 1507 1215 1578 synodi
1240 1523 1426 1578 perversurum
1448 1511 1586 1565 conatibus
1606 1514 1761 1584 resistatut·;

127 1614 183 1669 tat,
200 1603 235 1657 ita
250 1611 280 1656 ut
291 1601 401 1657 excluso
411 1598 593 1655 Alexandrino
604 1599 755 1668 sacerdote,
767 1598 921 1666 ltoereticus,
972 1613 1031 1668 quae
1052 1613 1104 1653 tton
1118 1600 1185 1654 alias
1204 1615 1312 1669 semper
1327 1600 1425 1657 indicto
1442 1615 1499 1668 est,
1518 1605 1567 1659 nti
1582 1621 1643 1660 rum
1663 1608 1762 1678 aliqttitl

124 1703 209 1766 atque
231 1695 265 1749 ab
278 1695 452 1748 universitate
468 1695 627 1758 damnatus,
644 1690 767 1745 cumdem
786 1692 872 1745 locum
888 1691 922 1747 de
973 1687 999 1743 ln
1015 1692 1103 1759 pranis
1117 1691 1241 1746 sensibus
1256 1707 1370 1761 novum,
1388 1703 1434 1748 ιιιι
1448 1693 1474 1748 in
1489 1696 1638 1752 assertione
1652 1698 1762 1770 dogma-

123 1802 181 1854 que
197 1787 239 1854 pul
256 1800 288 1837 us
306 1783 394 1837 luerat
414 1795 562 1850 occupasse
583 1780 702 1847 dicatur;
724 1780 843 1848 iusuper,
859 1781 920 1851 qui·
937 1790 1028 1851 Βιιιιιι
1040 1782 1150 1837 enter-sit
1161 1783 1312 1852 ambignum
1327 1802 1332 1836 :
1345 1794 1373 1838 nt
1383 1783 1410 1839 in
1420 1799 1562 1842 cunimune
1574 1792 1761 1857 tractantibus,

123 1876 239 1931 burdini
256 1874 336 1927 laren
350 1875 423 1938 ibus,
441 1871 702 1940 Cortstantnopolitn
721 1887 815 1926 ausum
838 1872 920 1928 luisse
970 1872 993 1928 si
1008 1888 1067 1942 qtne
1087 1884 1158 1929 esset
1176 1877 1341 1943 obscuritas,
1363 1878 1539 1935 sacerdotalis
1561 1879 1762 1941 deliberatione

122 1963 301 2030 contendere,
316 1974 345 2018 ut
359 1964 452 2018 ciritae
463 1961 675 2016 Cltristianormn
688 1961 836 2032 principum
849 1965 919 2017 cirea
971 1964 1134 2021 illuminaret
1148 1967 1307 2027 auctoritas:
1322 1969 1390 2023 sieut
1407 1972 1519 2035 prinnun
1535 1971 1602 2039 Arii,
1617 1989 1649 2030 ae
1660 1975 1762 2032 deindo

122 2059 188 2115 dalei
211 2057 351 2114 catbulicte
371 2056 509 2111 veritatem
533 2053 676 2109 deuotione
698 2054 871 2125 precellens,
893 2063 921 2110 ct
971 2056 1101 2122 Nestorii,
1122 2065 1287 2127 postremum
1304 2060 1421 2115 Dioscuri
1437 2070 1518 2129 aitque
1535 2063 1691 2135 liutgebetis
1705 2066 1760 2122 lteri
1852 2086 1860 2100 ·

122 2153 279 2209 Christiana
305 2152 381 2221 plebs
405 2150 432 2203 in
455 2147 612 2205 defensione
638 2146 777 2216 religionis
803 2156 918 2214 attenta,
970 2147 1056 2217 coegit
1075 2147 1206 2216 impietas.
1227 2148 1258 2203 Et
1282 2148 1369 2220 (quod
1388 2151 1571 2207 mis-ricantia
1592 2154 1691 2212 curbat
1710 2157 1761 2214 Μ

119 2246 313 2301 hereticorum
328 2242 476 2312 pronitate,
498 2256 558 2311 qnae
570 2239 625 2309 jam
644 2238 732 2295 luerat
745 2243 846 2310 sopito,
861 2249 919 2293 tnr-
970 2236 1056 2291 nustti
1070 2236 1212 2293 subnoteris
1226 2237 1359 2310 arettatlt
1375 2240 1550 2299 intimandum
1563 2255 1609 2302 est
1622 2247 1762 2304 abomina-

123 2337 215 2392 betur.
229 2335 282 2391 Sed
297 2332 480 2390 ntisericordia
493 2329 550 2398 Del,
565 2329 642 2400 eujus
653 2340 693 2385 cst
703 2344 794 2397 causa,
806 2346 858 2385 nou
872 2329 921 2385 dc·
970 2328 1024 2384 bile
1037 2345 1097 2385 csse
1111 2341 1203 2386 contra
1217 2334 1363 2391 sententias
1376 2338 1457 2391 totius
1469 2339 1542 2392 orbis
1555 2338 1585 2392 Di
1595 2341 1660 2396 imni
1671 2358 1761 2399 taceri.

124 2428 190 2494 init,
206 2436 234 2482 ut
246 2427 415 2492 Timntlteus,
430 2425 475 2495 qui
489 2423 524 2478 ab
538 2421 684 2477 universali
699 2421 817 2477 bct-lesia
829 2436 920 2478 sacer·
969 2420 1061 2476 dutum
1077 2431 1105 2477 et
1119 2424 1267 2495 principum
1287 2426 1425 2494 utriusque
1446 2440 1598 2496 rectorum,
1620 2432 1760 2488 dutnnattnt

126 2520 264 2574 dotalibus
276 2515 419 2574 sententiis
435 2524 462 2570 ct
480 2513 665 2584 imperialibus
681 2515 834 2573 cottstitntis
847 2514 920 2583 juste
969 2527 1031 2568 reos
1049 2516 1205 2584 restituere,
1228 2519 1319 2574 reduci
1339 2521 1463 2587 exstilm,
1486 2523 1618 2592 relegatos
1633 2525 1659 2579 ln
1680 2540 1760 2583 aalma

121 2611 214 2664 luerat
225 2618 380 2677 segregatus
394 2605 448 2678 [nt.
459 2607 520 2678 jure
532 2613 570 2660 ert
584 2603 764 2676 segregatusi,
779 2603 812 2658 ad
829 2603 920 2658 Eccle·
969 2605 1077 2661 nelarie
1092 2607 1284 2677 ettnjtnationis
1296 2608 1409 2664 absolui.
1424 2610 1515 2680 ltaque
1529 2612 1610 2681 (ιιιιιι
1630 2628 1701 2684 supe
1716 2633 1760 2672 te·

123 2701 195 2755 siam
205 2708 256 2752 tue
267 2697 428 2766 dilectionis,
439 2696 481 2751 rel
492 2695 525 2750 ad
539 2694 659 2749 bdelium
671 2693 812 2749 dumorum
826 2695 917 2748 limina
969 2698 1112 2767 petettitnnt
1135 2696 1194 2768 est)
1221 2698 1277 2754 baec
1300 2701 1389 2754 omnia
1413 2701 1630 2759 elementissimi.
1652 2705 1760 2762 ,mmm

123 2807 179 2847 uon
198 2791 400 2860 permitteretur
416 2788 555 2858 acceiete.
572 2787 656 2852 Quem
671 2795 820 2839 conuentus
835 2799 918 2839 initos
968 2786 1126 2854 suppliciter
1141 2786 1273 2842 intiutato.
1290 2788 1382 2844 Veniet
1395 2791 1487 2861 procul
1501 2791 1582 2847 dubio
1593 2795 1700 2851 Deusin
1713 2797 1761 2851 stl-

123 2897 177 2952 pro
197 2896 227 2937 sc
246 2880 389 2936 didicimus
406 2877 581 2942 comminari,
597 2877 695 2932 resolvi
719 2876 918 2932 existimantium
966 2874 1094 2945 interium
1109 2887 1245 2946 restrum,
1262 2878 1287 2932 in
1302 2879 1379 2947 cujus
1394 2896 1474 2935 mann
1488 2898 1536 2937 cor
1550 2885 1620 2954 regis
1637 2900 1698 2943 esse
1717 2903 1761 2943 re-

121 2972 197 3044 quod
213 2972 248 3026 dc
257 2987 287 3026 sc
298 2970 458 3026 uniuersalis
471 2967 589 3025 decrerit
603 2965 758 3022 auctoritas.
773 2965 848 3022 Uatle
857 2967 919 3048 quia
969 2965 1056 3021 tineus
1067 2969 1242 3023 constitutum
1258 2971 1399 3039 putassetis
1412 2987 1468 3026 suae
1481 2974 1583 3030 nesciat
1595 2974 1650 3049 [bl.
1664 2977 1760 3053 tremit]

123 3075 226 3120 sattcte
240 3066 377 3119 memorie
391 3062 620 3132 predecessorum
633 3068 787 3114 nostrornm
798 3069 919 3114 exstante
967 3058 1075 3113 aliunde
1089 3059 1259 3132 principium.
1275 3062 1341 3118 Data
1356 3065 1450 3135 quinto
1463 3065 1522 3122 idus
1533 3065 1653 3127 lantani
1668 3071 1721 3146 [nt.
1732 3088 1761 3130 ιι

121 3156 265 3223 doctriua,
278 3165 371 3210 contra
385 3167 463 3223 quam
483 3150 558 3207 nelos
575 3161 617 3207 est
630 3149 781 3219 disputare,
796 3149 953 3220 qttisquisc
968 3148 1020 3203 cul.
1036 3146 1214 3222 retransiit

123 3259 199 3304 recte
215 3261 310 3318 sapere
323 3245 436 3312 ridetur,
453 3248 531 3299 rtotls
542 3241 736 3298 asset-tionibus
750 3256 802 3296 non
817 3243 917 3313 indiget

122 3337 244 3402 edoceri,
260 3337 306 3393 sed
323 3338 399 3406 plum
416 3349 496 3407 atque
511 3333 627 3404 perlecta
641 3342 703 3388 suut
717 3332 805 3387 omttin
821 3334 918 3404 quibus

123 3440 216 3500 potest
232 3430 273 3485 rel
286 3430 414 3498 deceptus
427 3428 461 3483 ab
475 3426 610 3482 bereticis
621 3424 734 3488 eruditi,
748 3424 789 3479 rel
801 3426 827 3478 iu
839 3424 917 3481 tinea

125 3524 231 3580 Domini
250 3521 410 3591 plantandus
426 3520 545 3586 institui,
567 3518 707 3588 implorata
732 3517 784 3573 lule
798 3515 917 3572 clemen·
967 3484 1760 3634 effgl'g's'sffi‘mffi'ffi‘ggozussglffl'ffi‘ozffxgeuetmq'

127 3614 221 3670 ῐῑὸῦῑῐῐῑῑ
242 3611 371 3683 Difficiliis
384 3625 476 3666 ΜΝ
497 3609 625 3666 ‘mendi‘
645 3607 740 3682 ‘W‘di
754 3606 797 3663 ‘²⁰
811 3608 916 3678 ¹0⁵D¹¹52
1003 3635 1030 3679 stt
1053 3627 1231 3696 imperatorem
1254 3639 1354 3682 moneat
1375 3646 1405 3684 ns
1425 3630 1640 3690 Chalcedonensis
1658 3639 1761 3695 concilii

130 3719 180 3760 nec
193 3709 226 3761 sit
242 3704 313 3775 apud
329 3718 408 3757 aures
423 3702 594 3772 imperatoris
605 3699 750 3757 Christiani
765 3701 838 3770 pigra
857 3715 919 3772 sug·
1002 3704 1099 3749 statuto
1110 3697 1202 3750 uiolari
1217 3702 1356 3767 permittor.

127 3793 236 3942 emit
247 3797 308 3865 quta
327 3793 400 3848 ratur
417 3793 475 3862 ιιι
494 3802 521 3848 ιι
540 3793 613 3883 regn
633 3790 717 3862 sps-tus
735 3789 856 3846 cerrenus
877 3800 920 3848 ιιι
965 3808 1120 3878 samareus
1133 3811 1276 3882 etrus-opus
1288 3812 1761 3935 rqieroepecoptconrnantops·

139 3891 219 3942 urtitu
240 3901 267 3942 o.
1328 3891 1410 3938 atauo.

166 3978 239 4047 Ergo
253 3992 313 4032 cnut
331 3975 466 4048 predictis
487 3974 653 4047 presbytero
671 3988 702 4029 ac
714 3973 853 4030 monacbis
865 3987 918 4045 op·
1003 3970 1070 4027 Cum
1086 3971 1132 4027 litii
1154 3973 1237 4027 tiostri
1256 3971 1366 4027 illustris
1386 3974 1427 4029 uir
1447 3975 1557 4031 Latium
1585 3978 1712 4047 patricius
1732 3985 1760 4035 ct

126 4076 247 4138 portuno
262 4067 352 4136 pietati
366 4067 423 4138 elus
437 4076 529 4123 nostro
541 4080 647 4137 quoque
661 4065 769 4123 nomino
782 4065 917 4136 supplica,
968 4063 1123 4134 spectabilis
1138 4063 1271 4119 bladosius
1285 4079 1335 4135 pro
1350 4065 1484 4135 legatione
1498 4067 1603 4136 publica
1619 4068 1760 4126 mitteren-

125 4168 156 4215 et
179 4160 339 4230 legationem
367 4159 435 4215 banc
462 4175 512 4228 pro
535 4159 611 4216 nobis
633 4172 740 4230 quoque
769 4158 919 4215 clementite
969 4162 1025 4221 tur,
1040 4157 1174 4226 negligere
1196 4172 1248 4211 tren
1266 4157 1401 4227 potuimus
1429 4158 1500 4227 quod
1517 4161 1589 4216 ororii
1611 4161 1760 4219 intentione

127 4251 226 4320 ipsius,
241 4249 347 4322 nequid
362 4251 522 4319 subrepatur
534 4249 589 4322 [til.
600 4248 777 4322 subripiatud,
792 4250 917 4306 insinua:
969 4261 1103 4303 curamus.
1123 4248 1248 4304 Proxime
1272 4264 1387 4320 natuque
1404 4264 1467 4305 cum
1491 4251 1708 4323 presbyterorum
1732 4263 1759 4312 ot

126 4343 247 4396 tmuium
264 4343 362 4410 trariter
377 4343 500 4412 precibus
516 4347 673 4409 instruatur,
688 4358 724 4398 ne
738 4358 786 4414 per
805 4356 920 4413 occupa·
969 4340 1161 4395 manachorum
1182 4339 1216 4396 de
1237 4340 1378 4395 'limotltoo
1396 4341 1461 4396 olim
1484 4341 1518 4395 ab
1538 4343 1681 4400 unlrersoli
1707 4345 1760 4402 lic·

127 4431 216 4486 tiones
232 4432 350 4501 publicas
368 4432 449 4502 quieti
463 4433 653 4490 ecclesiastiea
670 4434 776 4504 aliquas
794 4434 920 4492 inimicos
969 4430 1050 4487 clesia
1065 4438 1189 4500 separato
1201 4431 1308 4500 querela
1320 4431 1446 4494 vertisset,
1463 4440 1516 4486 tam
1531 4431 1760 4495 christianissimo

124 4525 254 4580 notram-
267 4524 393 4579 turturis:
406 4524 830 4597 intentattrnestexmntnam
842 4527 917 4584 renat
930 4523 958 4588 D
971 4522 1082 4594 principi
1101 4535 1180 4591 ιιι
1203 4519 1339 4575 atriensi
1359 4529 1411 4575 ιιι
1431 4521 1602 4591 scripsimus,
1625 4534 1652 4579 ιι
1672 4525 1759 4583 nictit

124 4622 238 4683 prestet
259 4613 421 4679 Ecclesiam,
438 4628 469 4670 et
489 4615 559 4670 beati
575 4615 653 4671 llarci
669 4616 838 4687 euangelistae
853 4617 916 4673 sede
966 4612 1091 4671 omnibus
1100 4611 1209 4667 resistit
1221 4625 1255 4664 ne
1265 4609 1328 4679 qaid
1340 4609 1527 4667 bucolicorum
1537 4624 1631 4669 contra
1643 4614 1758 4671 Cltalce·

128 4707 232 4761 bostem
248 4705 460 4776 parricidamque
472 4708 625 4777 propellat,
644 4716 673 4764 et
692 4709 807 4780 qualiter
821 4707 915 4764 carbo-
967 4703 1089 4761 donense
1103 4701 1245 4758 concilium
1267 4702 1392 4757 ntoliatur
1414 4703 1542 4770 audacia,
1563 4706 1648 4760 l'ratcr
1669 4706 1756 4762 catis·

124 4800 186 4856 lice
202 4800 261 4854 ltdei
284 4809 406 4854 tetteaur
423 4799 579 4871 integritas,
600 4802 626 4856 in
648 4800 827 4870 penetralibus
846 4801 915 4856 aulae
967 4797 1052 4863 sime,
1066 4804 1094 4851 es
1109 4793 1261 4849 dilectionis
1274 4802 1325 4848 tuae
1341 4794 1473 4850 laudando
1484 4795 1673 4861 comunitate,
1688 4798 1757 4853 mul·

127 4907 183 4948 sttae
197 4891 337 4961 dignanter
350 4891 486 4960 inquirat:
503 4906 564 4961 quse
582 4907 616 4947 nc
629 4892 716 4963 aliqua
728 4891 841 4948 forsitan
853 4892 915 4948 lldsi
968 4895 1025 4943 tum
1041 4886 1135 4949 trabis.
1150 4885 1205 4939 imo
1220 4882 1271 4954 ini
1289 4885 1400 4938 Domino
1414 4887 1518 4955 placere
1535 4889 1756 4957 memoravimus,

128 4983 283 5037 emulorum
308 4979 401 5036 lrande
423 4980 562 5048 vitientur,
587 4982 650 5038 licet
670 4982 697 5036 iu
719 4982 840 5038 ecclesiae
862 4990 916 5037 tue
966 4976 1039 5048 qnod
1052 4975 1206 5032 damnatum
1221 4974 1356 5031 homiuem
1372 4990 1424 5030 uon
1437 4976 1523 5032 solum
1535 4977 1606 5043 lldei,
1617 4980 1755 5038 sedetiam

128 5071 232 5142 possint
243 5068 349 5125 scriniis
362 5069 489 5139 inveniri,
505 5079 593 5128 tamen
606 5072 767 5142 exemplaria
782 5072 915 5139 misimus,
969 5067 1105 5140 parricidii
1127 5082 1221 5138 eausa,
1246 5068 1344 5123 nullam
1361 5067 1593 5139 Constantinopoli
1615 5074 1756 5128 ecelesiam

127 5178 185 5231 quse
196 5160 287 5233 pietati
303 5161 386 5232 ipsius
399 5162 564 5232 preparabis
578 5162 632 5236 [bl.
645 5163 801 5235 properoiltl
812 5163 913 5219 oberti.
969 5162 1081 5218 introire
1093 5160 1258 5231 permiseris.
1270 5160 1345 5226 Qttotl
1357 5174 1429 5215 nutrc
1440 5163 1537 5216 iterum
1548 5176 1753 5219 comitianorum
1774 5162 1782 5173 “

1234 3285 1431 3345 ⁸mussona
1453 3289 1495 3347 ιι.
1524 3262 1528 3268 ’

1159 3389 1281 3431 statuttcu
1301 3392 1374 3433 ΝΜ
1394 3395 1428 3433 ΔΙ)
1447 3394 1569 3437 biClb'U·

162 5300 169 5329 ¹
186 5298 337 5366 legendum
351 5313 357 5350 ι
371 5311 398 5351 ιι
411 5294 578 5361 nonarius..
596 5296 734 5352 sicotetin
744 5296 867 5366 sequenti
879 5313 911 5352 :r
965 5305 1092 5368 birmento
1105 5309 1158 5363 quo
1170 5308 1250 5362 supra
1266 5292 1332 5348 diri.
1344 5291 1408 5347 Ser.
1423 5292 1512 5346 Damus

127 5369 183 5422 idus
197 5368 274 5435 lune,
290 5376 318 5422 et
328 5366 497 5436 inseptima:
514 5381 543 5421 ιιι
557 5366 585 5422 itt
595 5364 673 5432 iton,
688 5375 716 5422 ut
728 5370 912 5437 suspieabatur
999 5367 1009 5398 ⁸
1030 5365 1103 5421 llario
1117 5366 1258 5433 epistolam
1273 5363 1393 5432 aliasque
1407 5362 1550 5416 unmtullas
1570 5361 1692 5430 ejusdem
1709 5376 1756 5418 ar·

127 5437 270 5520 bollandus
280 5437 313 5518 ad
324 5437 424 5520 tienne
436 5437 535 5492 mensis
545 5437 642 5498 llartii,
655 5437 699 5490 ubl
715 5437 749 5492 de
761 5438 789 5493 S.
804 5437 911 5508 Simpli·
962 5426 1100 5507 gementi,
1116 5434 1259 5490 occasione
1278 5433 1396 5513 publice.
1414 5432 1553 5513 legationis
1577 5447 1656 5500 quarn
1678 5435 1756 5516 ‘misit

127 5504 818 5645 ⁸¹⁰·itsll:,lettttl‘aialla'tili„
832 5592 911 5647 ιιι.
963 5500 1755 5654 Dissilitbmtltittrilll‘lltiillltt

126 5650 244 5719 pontitett
261 5653 395 5715 patentem
407 5657 436 5703 et
455 5647 573 5702 nondum
586 5646 751 5716 obsignatam
766 5662 827 5702 cum
845 5663 913 5720 pre·
964 5662 1104 5705 ntanorum
1116 5646 1270 5716 putattlicum
1281 5656 1419 5706 excusam,
1436 5641 1754 5711 ltuolrstsstuliutuscum

126 5721 240 5776 mdcttse
252 5716 365 5783 epistola
380 5717 451 5771 ntisit
462 5717 495 5772 sd
506 5718 693 5794 imperatorem
707 5719 752 5776 illo
766 5717 818 5776 bno
832 5727 859 5776 et
868 5734 914 5776 ar·
964 5717 1146 5790 ιιιιοιιιιιιιιι.
1162 5719 1225 5774 Ser.
1241 5715 1341 5772 bintus.

91 5890 95 5907 .
267 5812 401 5873 nitier.
432 5809 541 5873 tritt.
1515 5772 1537 5865 a
