3788 6120
125 292 176 353 dte
759 287 880 350 subortu
900 290 932 346 et
945 287 1127 346 otbtddttts
1711 282 1760 341 bloi

126 404 216 464 uideor
230 401 370 475 explesse,
393 418 425 466 ea
442 402 529 474 legato
550 402 660 459 nuntios
675 416 733 458 cro.
755 402 829 459 ilicet
845 403 918 460 scias
930 406 955 476 Α
969 404 1051 469 maio,
1065 404 1151 459 bonus
1167 399 1305 468 sacerdos,
1318 400 1406 456 bonus
1416 407 1505 470 pater,
1518 399 1604 457 berrue
1615 411 1703 457 aneta
1712 414 1764 458 es:

125 497 198 563 tulo,
226 512 274 566 pet·
295 510 402 552 otonem
424 496 508 551 fertur
531 494 701 565 dqrritaniana
729 492 815 563 gloria
843 503 912 549 toa:
967 497 1064 568 quibus
1079 511 1169 565 operte
1185 494 1300 567 pretium
1320 491 1388 562 luit,
1402 493 1460 550 lieri
1481 494 1579 550 famem
1593 506 1672 550 suaur
1695 493 1764 564 peri—

124 591 243 657 maris,
270 590 404 655 laudaris,
428 588 592 644 desideraris
604 631 613 657 ,
627 587 775 654 excoleris,
795 586 916 651 omnium
969 589 1050 655 euio,
1066 587 1089 642 si
1107 587 1186 642 aliter
1199 599 1261 642 esse
1283 600 1338 642 nour
1353 593 1459 656 poterat
1476 593 1521 641 tua
1535 583 1647 655 largitas
1659 584 1766 655 experi-

124 685 299 754 pectoribus,
323 683 443 739 omnium
470 683 550 738 rotis.
584 682 655 736 freter
682 681 739 736 bae
766 691 916 761 temporum
971 687 1073 734 rncnto.
1088 677 1190 734 bleuror
1204 676 1291 733 nostri
1304 690 1367 732 esse
1379 675 1508 748 dignare,
1523 675 1634 732 domiue
1648 689 1731 749 papa.

125 804 1762 838 Ἥβῃ-*Μ

593 917 832 1028 LIBER
869 916 1289 1028 SEPTIMUS.

328 1107 404 1179 171
426 1100 592 1160 elusisti
614 1101 717 1176 i‘lililb

211 1218 335 1279 Sidordus
347 1218 473 1272 doraino·
489 1230 562 1288 pope
577 1213 703 1270 Mamerto
716 1215 835 1270 sulutem.

978 1101 1044 1155 tides
1059 1113 1102 1156 rua
1117 1101 1144 1156 in
1159 1100 1206 1156 ilio
1220 1100 1316 1157 ardore
1335 1099 1397 1170 pius
1414 1093 1497 1157 caluit
1516 1114 1524 1153 ε
1543 1105 1572 1155 et
1582 1112 1645 1155 enm
1660 1099 1688 1155 iu
1701 1113 1770 1162 com

971 1200 1064 1262 speetu
1079 1190 1183 1261 pavide
1199 1189 1300 1259 plebis,
1317 1191 1424 1260 objectu
1438 1189 1498 1248 solo
1512 1189 1687 1261 tricorporis
1700 1190 1769 1263 ignis

160 1375 263 1429 llurnor
273 1381 316 1429 est
331 1373 433 1429 Gerticos
447 1371 474 1427 in
495 1370 646 1427 llomaoum
660 1369 747 1427 solum
761 1379 848 1427 castra
863 1384 919 1427 mo-

126 1466 207 1521 visse.
236 1465 304 1520 iluie
330 1479 438 1534 semper
459 1463 602 1534 irruptioni
623 1477 672 1518 nos
693 1462 786 1519 miseri
805 1461 918 1517 Aruerni

126 1559 207 1626 janua
222 1573 325 1613 saurus.
350 1555 471 1626 Namque
487 1555 556 1611 odiis
578 1554 748 1610 inimicorum
765 1554 826 1609 binc
842 1568 920 1622 pecu·

124 1649 201 1704 liaria
217 1648 334 1718 fomenta
354 1648 600 1715 subministramus,
627 1647 688 1719 quia
710 1646 781 1718 quod
804 1647 919 1702 necdum

970 1297 1096 1340 recussus
1109 1282 1134 1338 in
1146 1291 1248 1354 tergum
1260 1280 1380 1353 fugitiuis
1392 1279 1507 1338 dealbas
1522 1272 1698 1350 sinuaretur,
1718 1281 1768 1337 rai·

971 1374 1062 1430 raculo
1077 1373 1202 1438 terribili,
1218 1389 1299 1443 norro,
1316 1371 1768 1446 inusitato,adluit173bauttttte

971 1466 1067 1523 cedere
1082 1480 1130 1538 per
1140 1466 1337 1530 reverentiam,
1351 1466 1394 1521 cui
1408 1464 1509 1521 sentire
1526 1464 1612 1522 defuit
1626 1479 1677 1536 per
1692 1477 1768 1523 aaut·

973 1573 1040 1613 ram.
1057 1555 1176 1613 Primum
1197 1556 1278 1628 igitur
1289 1565 1317 1612 et
1331 1555 1364 1612 iis
1379 1557 1471 1627 paucis
1482 1555 1569 1612 nostri
1585 1556 1690 1613 ordinis
1704 1556 1767 1614 ririr

967 1651 1068 1712 ,iudicis
1078 1648 1190 1723 jejunia,
1203 1649 1342 1706 interdicis
1353 1649 1463 1719 flagitia,
1479 1648 1611 1720 supplicia
1627 1646 1765 1721 predicis,

127 1742 257 1797 terminos
270 1755 334 1797 suos
347 1741 382 1795 ab
395 1743 502 1808 Oceano
517 1740 710 1797 inlibodanum
724 1738 827 1811 Ligeris
840 1739 918 1795 alveo
970 1742 1090 1801 remedia
1110 1742 1244 1813 promittis
1264 1758 1272 1798 :
1297 1741 1409 1812 exponis
1427 1740 1573 1808 omnibus,
1593 1755 1645 1796 nee
1659 1755 1765 1812 poenattr

127 1833 318 1903 iirrritauerunt,
331 1835 476 1904 solemsnb
489 1849 539 1904 ope
552 1833 651 1889 Christi
663 1847 765 1888 moram
778 1833 812 1888 de
826 1846 917 1890 nostra
969 1834 1140 1906 longinquam
1162 1847 1240 1900 esse,
1256 1848 1306 1889 nec
1321 1832 1441 1898 reniam
1456 1831 1538 1887 doces
1547 1830 1715 1887 redundate
1725 1843 1769 1886 so·

126 1936 229 1982 tanturn
251 1926 329 1983 obice
344 1927 490 1996 patiuntur.
506 1927 744 1997 circumjactarum
760 1927 838 1999 172
852 1942 917 1984 rere
971 1926 1093 1983 litodinis
1106 1927 1194 1982 minas
1206 1925 1359 1981 orationum
1385 1924 1535 1996 frequentia
1556 1938 1619 1981 esse
1640 1917 1768 1988 aetolicis

125 2019 230 2085 spatia,
246 2026 412 2088 tractumque
429 2020 568 2088 regionum
581 2019 636 2088 jam
654 2018 756 2086 pridem
780 2019 855 2089 regui
870 1992 958 2074 mi·B
977 2020 1040 2087 das;
1061 2034 1156 2076 mones
1166 2018 1349 2074 assiduitatem
1362 2016 1477 2074 furentis
1490 2016 1623 2084 incendii,
1639 2030 1710 2088 aqua
1724 2027 1769 2088 po·

126 2110 200 2166 trecis
222 2109 376 2178 importuna
400 2109 540 2166 decorauit
559 2110 711 2179 impes-sio.
727 2109 779 2166 Sed
793 2109 923 2165 animosi·
977 2110 1030 2167 tius
1042 2110 1181 2166 oculorum
1194 2123 1274 2179 quarn
1294 2107 1434 2163 ffuminum
1448 2120 1527 2179 posse
1547 2106 1695 2179 restinguh
1711 2120 1769 2170 rum

127 2201 173 2255 fati
188 2210 288 2257 nostrae
303 2212 357 2258 tam
374 2201 538 2267 temerariae,
553 2201 852 2272 tanruueperieulosae,
867 2213 921 2256 nou
977 2218 1026 2260 nes
1044 2203 1177 2260 minacem
1205 2210 1285 2257 terrm
1310 2209 1432 2257 motuum
1454 2199 1681 2257 conflictationem
1710 2198 1770 2257 utet

129 2307 179 2367 tros
190 2301 237 2348 aut
249 2293 400 2372 ambustam
414 2307 553 2350 murorum
569 2292 678 2361 facient,
694 2302 741 2349 aut
755 2303 861 2364 putrem
876 2308 923 2350 su·
974 2293 1119 2350 stabilitate
1133 2293 1299 2348 firmandam.
1315 2291 1397 2362 Cujus
1408 2291 1550 2348 confestim
1565 2306 1667 2364 sequax
1682 2291 1770 2347 bund-

128 2385 203 2439 dium
224 2394 341 2456 cratem,
357 2394 403 2440 aot
419 2385 619 2456 propugnacula
634 2384 743 2456 uigilum
755 2385 817 2441 trita
832 2393 924 2456 pecto·
976 2385 1010 2442 lis
1027 2387 1103 2442 turba
1117 2385 1222 2443 consilii
1236 2429 1244 2455 ,
1259 2384 1406 2455 maioribus
1419 2399 1526 2457 quoque
1540 2386 1597 2444 suis
1613 2364 1667 2444 iuli
1677 2386 1771 2456 inrita·

128 2478 201 2534 ribos
215 2477 375 2533 confidimus
385 2478 564 2545 opitulatura:
580 2478 640 2534 solo
655 2487 743 2534 tanuen
755 2478 922 2534 invectarum
975 2485 1076 2544 mento,
1090 2491 1160 2548 quos
1181 2492 1241 2533 eum
1264 2491 1319 2532 non
1342 2477 1472 2548 piguisset
1486 2479 1590 2548 fugere,
1606 2478 1701 2536 redire
1717 2493 1772 2546 non

132 2581 157 2632 te
167 2579 278 2625 anctore
292 2571 459 2641 rogationum
476 2570 615 2641 palpantur
629 2569 730 2625 auxilio
746 2585 754 2625 ε
768 2568 866 2641 quibus
880 2569 922 2625 in·
975 2568 1081 2640 puduit.
1095 2569 1153 2639 Qua
1162 2567 1312 2658 devotione
1326 2569 1447 2640 placatus
1464 2570 1603 2640 inspector
1616 2577 1771 2649 pectorum,

128 2661 259 2731 ebonndis
272 2660 515 2733 instituendisqueb
525 2662 792 2734 populusdrrernus,
800 2662 855 2718 etsi
868 2676 923 2717 non
974 2661 1055 2729 Deus,
1072 2661 1136 2719 feeit
1148 2677 1211 2718 esse
1223 2660 1435 2718 obsecrationem
1448 2671 1566 2718 restrum
1581 2660 1659 2717 robis
1669 2659 1769 2727 saluti,

129 2753 228 2817 ellectu
243 2757 312 2824 pari,
335 2754 433 2815 affectu
445 2764 521 2811 certe
533 2770 584 2808 non
600 2753 695 2824 impari
709 2753 791 2824 eoepit
809 2751 920 2822 initiari,
974 2756 1080 2811 caeteris
1101 2752 1261 2822 imitationi,
1281 2755 1403 2825 utrisque
1422 2753 1558 2824 presidio.
1583 2752 1706 2824 Denique
1717 2751 1772 2810 illio

127 2857 154 2910 et
172 2846 207 2902 ob
231 2847 282 2903 boe
296 2846 467 2903 circumfusis
480 2846 596 2903 necdum
612 2845 658 2902 dat
673 2853 746 2916 terga
761 2844 921 2902 terroribus.
973 2845 1100 2918 deinceps
1114 2861 1168 2902 non
1182 2846 1257 2904 fuere
1270 2847 1312 2904 rel
1328 2846 1425 2903 damna
1437 2847 1594 2915 calamitati,
1608 2845 1653 2902 uel
1665 2854 1773 2910 ostenta

127 2937 183 3010 tion
197 2936 268 2993 euim
283 2938 348 2992 latet
366 2946 485 2992 nostram
500 2937 728 3003 sciscitationem,
745 2936 840 3006 primis
855 2944 922 2992 tcm-
975 2937 1122 2995 formidini.
1137 2939 1203 3009 Qua
1220 2939 1311 2995 omnia
1333 2938 1424 2995 sciens
1438 2938 1553 3008 populus
1566 2937 1619 2994 iste
1631 2937 1772 3001 viennen,

127 3028 605 3099 poribusbarumeesuppiieationurn
619 3025 921 3093 institutarumetdtas
973 3031 1048 3088 sibus
1064 3031 1115 3086 tuis
1128 3040 1156 3088 ct
1169 3030 1298 3088 accidisse
1311 3031 1396 3101 prius,
1412 3038 1440 3086 ct
1455 3045 1509 3085 uun
1519 3029 1670 3086 accessisse
1680 3037 1773 3099 posta·

127 3120 235 3199 coelitus
251 3119 299 3174 tibi
313 3119 415 3187 credita
430 3133 477 3188 per
495 3117 646 3187 cujusmodi
669 3117 853 3188 prodigiorum
868 3126 922 3174 ter·
973 3121 1039 3187 rius,
1061 3121 1173 3192 vestigia
1196 3128 1250 3176 tam
1278 3128 1461 3181 sacrosancte
1488 3118 1689 3175 informationis
1715 3133 1773 3175 am·

127 3199 302 3267 riculamen'ta
315 3208 487 3265 caecabatur.
502 3209 569 3263 darn
581 3207 661 3264 ruodo
670 3215 778 3266 eseeum
792 3207 921 3265 moenium
972 3213 1113 3284 plectitur,
1123 3212 1218 3269 sedulo
1230 3222 1336 3284 petens,
1346 3221 1376 3269 ut
1389 3211 1621 3268 eonscientiatuae
1632 3206 1773 3267 beatitudo

126 3303 293 3374 publicorum
317 3301 421 3358 crebris
443 3311 522 3357 terre
541 3298 659 3356 motibus
678 3300 919 3369 concutiebantur;
973 3302 1221 3360 mittaturationum
1238 3317 1349 3361 suarum
1361 3302 1512 3374 suffragia,
1537 3301 1635 3372 onibus
1648 3301 1772 3372 exemp¹a

126 3410 196 3449 nune
212 3395 287 3464 ignes
302 3407 374 3462 sepe
387 3390 514 3468 damrnati
527 3389 643 3447 cataras
657 3389 804 3453 culminum
823 3389 919 3447 cristas
934 3361 958 3426 C
974 3395 1248 3466 amoenitatemque
1261 3395 1309 3450 tibi
1322 3395 1374 3451 soli
1387 3409 1514 3451 concessa
1525 3401 1578 3461 est,
1590 3403 1772 3463 posterorum

127 3486 279 3563 superjecto
301 3483 454 3556 faciliorum
480 3489 572 3537 rrroute
588 3479 768 3548 tumulabant;
783 3491 920 3545 nuucstu·
973 3487 1152 3554 memoriam,
1174 3485 1215 3541 uel
1235 3481 1448 3541 eonteeorernf
1467 3482 1640 3539 Ambrosium
1653 3481 1771 3537 duorum

128 3579 213 3648 neruda
226 3562 227 3565 ¹
240 3577 299 3633 foro
320 3575 417 3632 cubilia
438 3574 608 3631 collocabant
631 3573 775 3631 audacium
798 3575 919 3644 pavenda
972 3588 1121 3650 martyrum
1148 3585 1333 3648 repertorem,
1357 3575 1524 3645 inpartibus
1551 3573 1627 3631 orbis
1652 3563 1770 3644 occidui,

128 3668 304 3725 ruransuetudo
323 3680 466 3724 cereorum
488 3683 496 3721 ε
519 3681 580 3720 eum
607 3676 634 3720 tu
648 3665 718 3722 inter
733 3665 782 3721 ista
797 3665 919 3722 discessu
972 3671 1122 3742 martyris·
1139 3668 1259 3726 ferreoli
1284 3667 1372 3724 solida
1387 3666 1546 3734 translatio,
1562 3665 1671 3735 adjecto
1683 3663 1770 3721 nostri

129 3762 274 3829 primorum
295 3759 516 3829 populariumque
536 3767 607 3813 statu
623 3758 696 3814 nrbts
718 3758 866 3820 exinanito.
883 3757 917 3813 ad
973 3763 1062 3834 eapite
1073 3761 1189 3830 iuliani,
1205 3761 1276 3832 quod
1296 3761 1375 3817 istinc
1388 3759 1541 3815 turbulento
1555 3757 1694 3830 quondam
1708 3771 1772 3828 per·

129 3865 198 3907 ruore
212 3840 285 3924 celer
300 3858 421 3905 ueterum
433 3849 608 3906 Ninivitarum
629 3851 752 3921 exempla
768 3850 922 3920 decurristi,
975 3856 1092 3913 secutori
1114 3871 1209 3912 manus
1224 3855 1317 3910 retulit
1335 3863 1445 3910 eruenta
1460 3851 1595 3909 carnificis
1611 3869 1619 3905 ι
1634 3865 1689 3907 nou
1703 3849 1773 3919 inim

131 3958 167 4019 rte
182 3941 280 4007 diuinae
293 3940 471 4011 admonitioni
486 3951 529 4011 tua
544 3956 652 4014 quoque
662 3942 815 4012 desperatio
831 3944 924 4000 conri-
975 3949 1044 4003 rium
1067 3956 1128 4014 est,
1143 3946 1213 4018 qrrod
1228 3961 1277 4017 pro
1293 3945 1514 4016 compensatione
1532 3942 1723 4013 deposcimus,
1743 3948 1773 3996 ut

129 4039 254 4104 ciaretur.
282 4035 316 4091 Et
337 4049 401 4092 rere
427 4035 481 4106 jam
503 4034 537 4091 de
555 4035 612 4091 Deo
638 4045 666 4091 tu
690 4035 803 4092 minime
818 4044 925 4104 poteras
977 4040 1054 4094 nobis
1069 4038 1131 4093 inde
1145 4039 1233 4093 uerriot
1252 4051 1314 4108 pars
1335 4037 1474 4107 patrocinii
1489 4078 1497 4101 ,
1512 4035 1573 4106 qrria
1597 4032 1679 4107 171
1697 4032 1773 4090 robis

129 4129 229 4199 absque
241 4137 351 4199 peceato
371 4137 432 4198 post
450 4127 578 4183 virtutum
589 4126 773 4196 experimenta
786 4126 922 4184 diffidere.
978 4135 1040 4190 bino
1054 4132 1132 4188 rediit
1146 4146 1208 4201 pars
1221 4131 1335 4202 patroni.
1353 4129 1455 4187 Meroen
1469 4143 1504 4184 uo
1519 4128 1554 4184 tri
1567 4142 1629 4185 csse
1641 4127 1772 4199 dlectare.

128 4223 196 4278 Nam
210 4238 270 4278 eum
286 4222 343 4277 eice
361 4220 474 4290 quiedam
489 4220 583 4274 ciuitas
600 4218 768 4289 conflagrare
786 4223 924 4290 etepisset.
977 4226 1085 4284 domiue
1096 4240 1174 4296 papa.

165 4349 178 4377 ⁸
199 4338 332 4407 Episcopo
354 4333 517 4399 viennensi,
541 4333 575 4388 dc
592 4349 646 4403 ouo
662 4348 753 4406 supra.
776 4335 922 4393 tianertns
976 4341 1066 4396 Alium
1084 4340 1184 4406 netum
1207 4337 1327 4392 taberent
1346 4352 1425 4391 sonus
1444 4344 1469 4390 et
1489 4326 1612 4405 strepitur
1631 4350 1774 4388 ermeranrr

130 4412 211 4464 etiarn
224 4411 323 4464 dieitur
338 4407 371 4462 ab
385 4405 477 4460 llilaro
499 4419 565 4474 papa
580 4412 607 4458 et
621 4404 731 4473 Luetdo,
746 4408 835 4475 Avito,
856 4406 923 4463 Gre·
975 4413 1057 4465 olium
1075 4410 1194 4480 quedem
1214 4409 1337 4476 trinrnpbi
1357 4423 1432 4461 seerre
1450 4408 1575 4460 deferrent
1593 4418 1774 4475 :quanquam

131 4480 205 4544 eurio
220 4479 355 4545 'l'urouet
368 4475 666 4544 altisonibtarnenun
681 4477 836 4542 scribones
847 4479 922 4534 libris
976 4497 1006 4539 ea
1018 4497 1069 4539 noa
1086 4492 1187 4535 tetriore
1201 4479 1300 4533 ontissa
1316 4487 1357 4532 est
1372 4477 1400 4531 in
1415 4475 1540 4541 valeatis.

132 4548 245 4617 rrrrtiqui*
261 4548 403 4602 discedunt
428 4557 455 4600 et
479 4561 493 4599 a
517 4545 592 4600 vocis
612 4547 726 4614 origine.
741 4547 807 4603 Nam
829 4564 844 4602 a
867 4549 922 4604 lila-
1012 4549 1025 4589 ἅ
1042 4552 1079 4606 be
1094 4550 1216 4619 reliquiis
1231 4548 1279 4604 SS.
1294 4547 1415 4604 Gerrasii
1439 4556 1468 4603 et
1480 4545 1595 4602 Protesii
1610 4546 1646 4600 ab
1658 4545 1775 4601 Ambro-

134 4628 219 4686 merte
236 4619 381 4682 blannertus
395 4616 506 4680 dieitur,
520 4625 575 4671 eta
591 4618 720 4672 tiarnerto
735 4619 919 4684 Mamertinus,
975 4623 1016 4677 sio
1031 4621 1173 4677 Mediolani
1188 4625 1312 4688 repertis,
1336 4618 1495 4673 Arrrbrosue
1518 4619 1576 4685 ipse
1592 4617 1674 4686 epist.
1699 4615 1736 4671 {5
1747 4625 1775 4671 et

133 4703 186 4754 rron
209 4686 395 4742 ilarrrercinus.
416 4685 484 4740 Cum
507 4689 556 4741 bae
576 4699 664 4741 autem
687 4688 799 4753 epistola
813 4689 922 4760 compa·
981 4706 1106 4749 sermone
1119 4691 1151 4746 st
1163 4706 1171 4754 ;
1182 4689 1345 4758 dugrrstiuos
1360 4705 1387 4744 ta
1397 4686 1616 4746 confessionum,
1629 4695 1657 4742 et
1672 4700 1732 4740 aaut
1742 4685 1776 4740 de

133 4758 216 4813 ranila
228 4767 268 4813 est
279 4756 451 4811 dleirrriliriti
468 4757 573 4812 bomilia
585 4758 619 4811 de
631 4757 836 4828 lineationibus,
848 4760 925 4832 eujus
938 4756 964 4816 D
976 4761 1090 4828 Ciritate
1096 4777 1105 4829 ;
1116 4759 1262 4831 Gregorius
1270 4756 1517 4815 TurumdeGluria
1525 4767 1688 4830 martyrum,
1698 4755 1773 4821 liba,

134 4832 234 4883 mentio
254 4827 323 4882 faeta
339 4836 380 4881 est
394 4826 428 4880 ad
440 4825 519 4892 epist.
545 4828 596 4893 fi,
614 4827 661 4882 lib.
675 4844 700 4882 v.
723 4828 791 4885 Sunt
805 4832 877 4887 enim
897 4839 926 4895 ut
978 4849 1037 4892 cap,
1054 4836 1098 4888 tr.

133 4908 302 5010 θῐξΰωθῐῑῑθ,
317 4898 356 4957 Sic
370 4905 423 4963 ¹⁰¹³
440 4898 599 4954 narrationis
614 4901 685 4954 serie
698 4900 850 4956 simillimae.
1014 4914 1025 4941 ⁰
1042 4901 1163 4958 ferreoli
1185 4914 1283 4968 eorpus
1305 4900 1438 4968 integrum
1462 4912 1522 4952 eum
1546 4895 1635 4963 cupite
1657 4893 1771 4960 foliani,

977 4974 1048 5042 qrrod
1060 4975 1094 5028 ab
1108 4971 1237 5027 Arvernis
1248 4969 1378 5029 Viennam
1392 4968 1480 5024 furerat
1490 4968 1613 5031 allatum,
1630 4966 1778 5021 irurrriliorc

976 5046 1092 5112 primum
1103 5045 1136 5098 ad
1145 5041 1268 5096 llbodani
1284 5041 1371 5109 ripam
1387 5033 1778 5095 basilicaeondideraotVreas

975 5129 1082 5169 nenses.
1097 5113 1242 5171 ilarnertus
1259 5111 1286 5166 in
1301 5110 1459 5179 ampliorem
1474 5106 1617 5164 ecelesiam
1639 5121 1655 5160 a
1671 5119 1704 5160 se
1719 5104 1777 5161 ibl-

976 5184 1038 5246 dem
1052 5193 1234 5241 constructam
1255 5182 1404 5252 transtulit,
1424 5197 1487 5249 eum
1507 5180 1556 5234 bac
1575 5175 1778 5249 inscriptione:

1034 5298 1129 5347 lleroas
1139 5295 1226 5347 Christi
1237 5294 1350 5358 geminos
1360 5293 1414 5342 bae
1424 5293 1534 5343 continet
1544 5288 1598 5341 auia

1038 5358 1160 5409 lulianum
1170 5359 1259 5421 eapite,
1269 5369 1372 5420 corpore
1385 5354 1541 5405 Ferreolum.
1583 5359 1585 5362 ‘

975 5465 1038 5521 llaec
1052 5464 1200 5528 Greeonnr
1220 5462 1322 5517 Turorr.
1340 5461 1411 5515 irurro
1432 5475 1541 5530 unoque
1557 5457 1662 5516 Sidonii
1686 5457 1780 5513 locunt

974 5539 1071 5601 citans,
1095 5534 1129 5590 de
1146 5534 1236 5590 Gloria
1260 5539 1409 5601 martyrum
1424 5530 1470 5585 lib.
1490 5545 1520 5614 ¹.¹¹
1545 5529 1650 5614 capi.
1674 5527 1781 5611 listins

976 5614 1130 5731 diditi.
1145 5605 1349 5732 illiciet
1363 5600 1784 5750 dimittedimitte.

977 5749 1047 5805 irrtra
1059 5744 1152 5805 urbem
1162 5744 1262 5817 templo
1274 5742 1383 5815 locauit,
1391 5750 1421 5801 ut
1430 5741 1582 5804 refertsdo
1591 5711 1783 5804 sedunorum

198 4969 319 5024 llerncrti
345 4966 581 5038 Rogationesrpuae
599 4967 704 5024 Donnirri
730 4973 922 5029 escensionem

132 5041 304 5110 arrteccdmu,
321 5037 416 5093 imitati
429 5048 491 5093 sum
502 5054 555 5095 non
567 5039 655 5094 solum
670 5041 750 5097 ricini
762 5042 853 5112 populi
864 5041 924 5097 Gai·

68 5116 70 5118 ’
133 5113 185 5177 lin,
199 5120 229 5165 ut
241 5112 285 5164 bic
301 5108 682 5166 loeusostenditetconcilium
693 5112 920 5178 rdureliunense,

132 5182 319 5237 verumetiam
342 5189 447 5236 cetere
471 5182 604 5247 nationes,
629 5192 710 5250 atone
733 5182 790 5250 ipsa
812 5182 919 5236 tandem

133 5253 228 5319 Roma,
252 5250 394 5306 beorrislll
417 5251 585 5318 auctoritate,
611 5262 638 5305 ut
659 5253 758 5308 docent
782 5253 919 5308 ritualium

133 5326 260 5379 librorum
272 5333 405 5377 auctores.
422 5322 483 5375 ideo
497 5322 615 5376 litaniam
626 5321 788 5378 Gallicanam
802 5323 920 5392 appella·

133 5404 206 5461 runt,
221 5395 283 5465 quia
298 5394 357 5460 rjus
372 5393 503 5453 institutio
517 5407 532 5447 ι·
547 5391 642 5460 Galba,
659 5403 685 5449 et
702 5394 819 5449 litaniam
836 5394 921 5448 ritino·

133 5480 202 5530 rear,
226 5476 282 5519 uta
306 5463 408 5531 nrnjore
429 5463 638 5534 distinguerent,
666 5479 726 5535 qum
739 5481 781 5530 rur¹
797 5464 924 5520 calendas

133 5535 194 5590 ttae
209 5536 371 5590 celebratur.
605 5536 608 5543 '

171 5609 250 5676 ο71
273 5605 366 5659 facins
390 5603 527 5660 exterior:
543 5602 651 5659 ductum
671 5620 687 5661 a
710 5621 791 5661 scena
814 5604 922 5662 theatri.

134 5673 179 5733 Sic
196 5689 304 5729 scenam
328 5677 449 5741 corporeis
472 5674 540 5729 dixit
557 5674 740 5732 Tertullianus
762 5678 795 5732 de
818 5676 923 5744 aurinum

133 5757 241 5830 peccem
255 5744 380 5812 triurnpbi
389 5743 534 5806 anissonios
549 5745 697 5832 mutauere·
706 5752 747 5806 ieo
758 5747 791 5805 de
802 5747 905 5805 selrolrs
916 5764 932 5823 :¹
