3788 6120
123 306 178 363 irs
428 305 636 364 uxcsstttttttt
656 304 703 360 att
722 302 898 361 annoanlo
917 299 1054 366 ration,
1074 301 1120 356 at:
1142 301 1172 358 S.
1195 301 1357 374 EUGENlO,
1379 303 1452 387 ETC.
1705 311 1754 369 711

122 445 193 497 mur,
208 427 358 498 aperiuntur
370 422 438 478 oculi
454 423 501 476 tui.
524 422 556 474 Et
567 421 654 474 statim
666 417 752 472 abluto
772 418 872 482 dolore,
884 417 917 469 ud
931 415 1079 486 Apropriir
1098 431 1126 470 se
1146 418 1273 472 morsibus
1293 418 1415 486 laniabat,
1436 422 1463 475 in
1482 437 1532 492 aaa
1551 423 1628 478 etiarn
1641 427 1754 480 cruciats

124 518 262 589 pristinam
275 515 351 568 rediit
365 512 501 566 sanitatem
515 518 538 562 ⁰.
554 507 762 577 Marsifestissime
775 513 858 559 antem
869 521 918 575 po·
970 507 1045 560 citam
1059 507 1191 576 indipnam
1200 508 1274 578 justa
1286 517 1367 563 morte
1378 510 1469 578 finiuit.
1491 513 1559 566 lluic
1573 513 1581 564 l
1599 513 1754 572 cntttcrtcus

125 608 174 661 lstit
189 621 233 676 per
247 605 325 675 liujus
339 603 488 665 crecitatem,
508 596 619 668 qualiter
632 596 808 649 baretirarnm
823 594 920 663 episco-
968 599 1099 659 successit,
1123 614 1173 667 arro
1192 598 1314 668 defuncta
1336 598 1488 656 Gelisimiris
1506 620 1611 675 reanum
1633 607 1756 672 suscepit.

125 712 175 765 pas
188 694 276 750 arulas
288 691 404 745 cordiam
420 690 512 743 misero
523 686 670 741 assertionis
683 700 737 746 suae
747 682 845 738 celabat
854 683 921 736 ami·
969 684 1031 754 lpse
1043 702 1168 755 quoquere
1185 687 1316 755 republica
1329 697 1474 759 superatas,
1485 692 1560 745 uitam
1571 695 1756 766 principatum-

125 795 181 851 ettt,
195 800 227 838 ne
241 797 327 837 reram
348 782 429 834 lucens
446 779 499 833 illis
517 778 605 831 liceret
625 777 686 844 fidei
707 776 787 828 oculis
805 785 919 828 contem·
968 791 1017 846 que
1031 777 1123 845 finiuit,
1138 785 1162 831 et
1173 779 1209 831 sic
1223 794 1328 848 repnnm
1343 779 1437 857 decidit
1455 779 1640 839 i'ondalaram.

128 876 205 948 plari.
221 874 243 928 0
259 873 397 927 miserem!
413 871 456 941 qui
476 887 527 924 nan
543 871 672 940 inpressas
689 884 735 939 per
752 871 872 939 januam,
891 868 918 921 id
1005 865 1039 919 X.
1057 865 1125 920 linis
1141 879 1247 936 cryptae,
1258 868 1285 921 in
1299 884 1348 938 aaa
1362 871 1509 924 servabatar
1519 873 1603 926 sancti
1615 872 1756 930 Amarandi

125 977 165 1020 ep
178 982 224 1036 pp
237 963 377 1029 cerisium,
391 962 435 1030 pai
447 965 571 1032 estjanua
584 976 652 1025 reru,
669 957 745 1028 lupas
757 960 917 1030 mapisprepi
968 970 1070 1023 carpas,
1090 957 1202 1010 saciatur
1220 965 1243 1010 et
1258 960 1303 1012 ille
1322 958 1472 1028 Honorifici,
1485 977 1526 1016 nee
1549 961 1756 1037 [liunericisnne]

128 1072 206 1126 quant
219 1056 371 1126 ejnscastos
385 1050 501 1118 effectus,
515 1061 539 1105 et
558 1067 645 1120 pacem
663 1050 810 1119 pideiamm
824 1049 851 1102 in
864 1064 918 1102 ere-
968 1047 1149 1117 persecutionis
1175 1058 1273 1119 martyr
1302 1048 1451 1120 Eupenr'us,
1476 1054 1639 1110 sacerdotalis
1665 1055 1756 1112 insula

128 1147 244 1202 dentiam
257 1145 377 1199 tarditat
392 1143 512 1196 debuerat
533 1142 679 1205 accendere,
696 1141 821 1210 pravitate
835 1140 919 1195 cordis
969 1140 1109 1193 monimum
1123 1141 1208 1205 decus,
1229 1158 1303 1211 quem
1316 1142 1343 1195 in
1363 1143 1411 1195 leuc
1425 1143 1486 1197 urbe
1505 1144 1635 1200 detrusam
1653 1145 1755 1215 acribia,

88 1294 95 1306 ‚
128 1238 322 1295 suieonabatur
336 1236 505 1305 exstinquere.
527 1233 618 1289 Sancti
634 1249 691 1287 acro
712 1230 761 1286 oct
781 1232 834 1285 slia
847 1232 920 1303 sipna
968 1230 1008 1283 nel
1020 1230 1111 1301 ipsius,
1132 1230 1171 1284 nei
1189 1233 1317 1285 sociarum
1334 1236 1390 1303 ejus
1409 1234 1493 1300 passio
1513 1245 1612 1290 rrarrot.
1636 1236 1685 1293 liic
1699 1255 1756 1294 cam

127 1329 155 1382 in
167 1328 270 1399 populis
283 1326 365 1380 malta
377 1329 502 1396 fecerant,
513 1332 536 1377 rt
546 1332 600 1377 erat
612 1338 661 1377 aaa
674 1339 724 1376 una
736 1320 825 1394 papuli
834 1323 919 1376 dicert-
969 1321 1067 1390 meanis
1083 1322 1109 1373 in
1123 1320 1218 1374 surculo
1239 1323 1346 1390 palleret
1363 1322 1507 1394 uirtutibus,
1526 1335 1549 1378 et
1560 1327 1613 1395 p'um
1631 1328 1712 1382 cietur
1724 1329 1756 1384 ds

127 1404 161 1474 tis
175 1433 185 1474 .·
200 1418 284 1474 Verus
299 1416 369 1472 Deus
384 1416 473 1481 Pater,
485 1431 556 1470 uerus
572 1414 643 1469 Dens
656 1411 751 1481 Filias,
764 1429 836 1468 uerus
851 1413 919 1469 Deus
969 1413 1100 1467 tormentis
1121 1414 1310 1484 martyrialibus
1331 1415 1480 1483 exstitisset,
1498 1428 1596 1490 tempus
1615 1422 1756 1477 rotationis

129 1509 244 1583 Spiritus
262 1518 377 1575 sanctus,
400 1524 451 1561 una
471 1507 521 1577 fide
536 1506 667 1572 calcarias,
687 1521 737 1560 nno
758 1508 847 1560 timore
866 1522 920 1560 mc·
969 1517 1032 1568 rute,
1048 1518 1098 1572 qna
1119 1514 1288 1558 accusaretur
1308 1507 1342 1558 ad
1361 1504 1481 1577 plocium,
1503 1507 1613 1563 barcino
1633 1513 1756 1566 reuelante

128 1601 248 1666 tuendus,
268 1599 403 1667 eodemque
420 1599 515 1651 bonore
534 1598 701 1651 uenerandus.
722 1596 793 1650 llam
813 1612 842 1650 ea
861 1611 919 1666 qua
968 1593 1110 1663 ropnomt:
1130 1592 1197 1646 illud
1219 1595 1345 1663 praecipue
1364 1596 1434 1664 quod
1452 1597 1554 1667 papalis
1571 1599 1755 1665 occultabatur,
1814 1665 1817 1670 Ι

129 1689 217 1746 cirola
228 1693 330 1754 asserit,
343 1688 409 1760 falsa
419 1705 473 1742 esse
482 1688 580 1742 cunctis
595 1697 631 1741 est
645 1687 817 1757 manifestum.
969 1682 1131 1751 manifestum
1146 1697 1262 1752 tremens,
1276 1699 1302 1737 se
1315 1684 1423 1754 martyri
1435 1686 1583 1740 Amaranda
1595 1689 1692 1743 socium
1702 1705 1756 1745 esse

165 1776 232 1834 vttt.
255 1777 351 1833 Videas
367 1785 451 1830 autem
468 1774 617 1831 blonoricus
630 1789 676 1828 rec
691 1775 843 1828 assertiones
857 1790 918 1829 snas
934 1772 1095 1844 Biatnram,
1118 1775 1152 1826 ad
1167 1779 1223 1846 ejus
1244 1774 1389 1841 sepulcrum
1412 1774 1542 1847 diripitur,
1565 1788 1756 1851 prostratusque

130 1884 174 1938 per
186 1875 332 1922 sanctarum
343 1866 419 1935 fidem
429 1865 567 1935 placiacum
579 1863 593 1902 b
607 1865 720 1918 totaliter
729 1865 865 1934 denudari,
873 1881 917 1919 nec
969 1867 1024 1919 sola
1038 1865 1179 1919 diutissime
1193 1866 1332 1920 orationem
1351 1869 1418 1934 [adit
1431 1869 1465 1922 nd
1487 1869 1624 1924 bantinum
1638 1887 1649 1925 .·
1664 1872 1755 1927 debinc

128 1958 193 2029 eripi
210 1965 305 2011 sectam
326 1955 429 2020 erroris,
451 1953 496 2009 sed
516 1954 601 2022 potius
625 1953 737 2018 destrui;
752 1953 918 2025 fraudemque
968 1957 1088 2023 caproneis
1100 1970 1145 2024 per
1159 1955 1754 2028 pauimentumbrucbin.spiritrumcalodirecit,

129 2047 259 2118 pontilicis
280 2048 321 2101 sni
338 2045 365 2099 in
386 2044 434 2098 boc
452 2045 545 2099 sceiere
563 2045 643 2114 faisse
661 2045 783 2099 detectam
797 2055 919 2101 :sanctas
968 2047 1013 2116 aui
1026 2045 1202 2101 qurirtianis
1216 2048 1346 2113 collectim,
1366 2049 1392 2102 in
1404 2050 1461 2119 ipsa
1479 2066 1529 2119 pun
1541 2051 1652 2106 dicimus
1665 2065 1756 2122 crupta

130 2139 177 2194 liei
190 2148 247 2209 post
259 2138 340 2191 multa
353 2146 488 2202 tormenta,
501 2144 559 2207 post
571 2146 583 2175 ⁰
597 2135 707 2201 eculeos,
720 2145 776 2206 post
788 2138 917 2207 flammas,
968 2138 1106 2208 sepulturae
1122 2140 1259 2194 mandatus
1273 2148 1320 2195 est.
1337 2139 1419 2212 [Tune
1433 2139 1443 2179 ¹
1461 2143 1601 2213 omnesqui
1617 2145 1755 2199 circaeam

130 2243 187 2305 past
202 2233 325 2307 unpalas‚
341 2232 421 2304 justit
441 2231 560 2301 interfici.
581 2230 688 2285 Beatum
703 2248 760 2286 uero
775 2230 919 2303 Eupeninm
968 2228 1078 2294 stabant,
1094 2246 1140 2284 sna
1151 2231 1286 2284 tundentes
1299 2240 1410 2300 pectora,
1427 2233 1516 2287 dantes
1530 2235 1640 2304 mapitus
1654 2236 1756 2304 procla·

129 2322 254 2377 decollari
269 2322 360 2392 jussit,
377 2320 424 2374 sub
446 2336 476 2374 ea
498 2321 589 2389 specie,
604 2327 632 2372 ut
646 2320 667 2374 si
688 2319 715 2374 in
733 2335 764 2373 ea
785 2318 849 2375 bora
868 2338 918 2391 aaa
968 2322 1070 2373 nrnbanl
1085 2335 1095 2374 .·
1113 2319 1135 2373 0
1150 2336 1216 2373 nrors
1234 2319 1302 2388 dira,
1320 2336 1366 2374 cnr
1379 2330 1463 2377 tantas
1479 2324 1554 2377 bodie
1565 2325 1678 2391 perimis,
1694 2325 1755 2378 drrm

128 2415 198 2469 ensis
211 2429 287 2485 super
300 2412 421 2467 ceruicem
439 2412 495 2480 ejus
510 2410 680 2475 incumbebat,
692 2426 742 2464 non
755 2420 919 2465 reverteretur
968 2413 1068 2464 anobis
1083 2416 1169 2480 artium
1187 2413 1268 2466 sancti
1284 2414 1365 2466 nostri
1385 2399 1569 2485 presentiam?¹
1584 2415 1699 2484 Lanpans
1719 2427 1754 2470 est

128 2508 163 2563 sd
183 2507 361 2561 hereticorum
380 2487 486 2569 sec'tum,
505 2519 556 2557 nan
574 2503 741 2571 occideretur,
756 2516 787 2556 ne
800 2518 857 2555 eum
872 2518 919 2570 pro
968 2517 1087 2557 enarrare
1098 2517 1142 2570 per
1153 2502 1265 2572 sinpula,
1281 2514 1375 2572 eputentu
1393 2515 1416 2558 et
1429 2505 1515 2572 qualia
1529 2506 1591 2560 inibi
1608 2508 1662 2560 sine
1676 2508 1755 2561 inter-

128 2597 391 2669 nsartpreeacolerent
403 2594 554 2660 annutiant,
569 2593 615 2648 sed
629 2592 720 2647 cnsilio
734 2592 918 2649 damnaretur:
968 2591 1088 2646 nrissiane
1098 2593 1161 2645 almi
1173 2593 1297 2647 antistitis
1312 2592 1422 2665 Euporii
1437 2595 1556 2649 bactenus
1575 2597 1699 2652 cernimus
1712 2613 1754 2652 co-

128 2690 199 2760 arod
215 2689 251 2741 itu
269 2687 363 2758 sactum
381 2701 434 2739 esse
444 2684 605 2754 manifestum
617 2692 665 2737 est.
682 2683 752 2738 Num
764 2698 821 2736 cuns
835 2683 919 2737 immi·
968 2696 1081 2735 runcare.
1095 2681 1117 2735 0
1131 2690 1225 2751 quanta
1240 2682 1363 2736 miracula
1374 2693 1531 2753 etquantam
1544 2686 1693 2755 dianitatem
1704 2689 1755 2741 iio-

128 2780 199 2834 nenti
209 2788 289 2832 marte
301 2779 472 2847 interroaatas
485 2777 574 2846 [aismt
586 2776 608 2828 si
622 2776 687 2829 mari
703 2791 750 2847 pro
764 2774 817 2843 lide
830 2775 919 2828 cutboa
969 2772 1051 2824 minus
1070 2772 1180 2826 ostendit
1203 2772 1239 2825 ad
1259 2772 1404 2844 sepulcrum
1426 2775 1501 2846 ejus!
1520 2773 1599 2845 AEpri
1612 2778 1715 2832 ueniant
1732 2787 1755 2833 et

129 2868 181 2924 lieo
194 2868 208 2909 <¹
222 2869 371 2934 destinaret,
387 2869 517 2936 respondit
530 2882 540 2920 .·
553 2865 616 2921 ilaec
630 2868 698 2920 enim
717 2875 754 2920 est
766 2867 918 2938 sempiterna
968 2871 1101 2925 sanantur,
1128 2861 1279 2917 daemoniaci
1306 2863 1407 2917 ueniunt
1435 2873 1459 2917 et
1481 2864 1635 2931 liberantur,
1662 2868 1755 2939 leprosi

128 2960 193 3026 nita,
215 2959 380 3030 projectitia
397 2957 472 3011 cruori.
495 2946 566 3011 Tunc
586 2972 708 3024 suspenso
727 2956 830 3026 pladia,
847 2956 918 3024 apud
967 2952 1071 3005 ueniunt
1088 2963 1111 3006 et
1128 2952 1294 3023 mundantur,
1313 2955 1424 3024 elinpues
1442 2957 1542 3011 remant
1563 2965 1586 3013 et
1605 2959 1754 3030 loquuntur,

128 3052 318 3121 ‘dibipensem
337 3047 483 3104 Galliarum
502 3048 590 3101 arbem
607 3047 696 3102 cnsilio
716 3047 851 3117 deputatus
868 3057 916 3111 est,
969 3043 1140 3113 febricitantes
1153 3045 1255 3098 veniunt
1269 3053 1292 3100 et
1305 3044 1452 3117 sonantum]

129 3141 173 3196 sbi
185 3151 211 3195 et
223 3142 300 3210 finem
313 3140 371 3194 uitae
382 3139 511 3210 praesentis
522 3137 593 3206 fecit.
607 3137 648 3190 dd
662 3140 737 3209 cajus
753 3154 821 3190 rrunc
835 3131 954 3208 sepul-C
1005 3131 1050 3187 111.
1072 3132 1112 3187 Ad
1131 3138 1205 3206 cujus
1218 3135 1377 3204 festivitatem
1391 3152 1450 3190 cum
1464 3146 1575 3209 tempore
1587 3140 1698 3210 quadam
1713 3141 1755 3196 in·

129 3249 202 3287 mum
217 3234 303 3287 nsaltoe
316 3232 419 3288 uirtutes
437 3241 460 3285 et
480 3231 637 3285 creberrima
657 3231 832 3285 ostendantur.
850 3230 918 3286 Sun-
968 3224 1068 3278 1111111111
1087 3225 1176 3295 attuli
1194 3227 1388 3295 willlbiiissbls
1413 3229 1515 3298 ”limfa
1538 3230 1619 3284 mulla
1641 3232 1668 3286 in
1688 3235 1756 3287 sslrt'v

131 3334 200 3378 ctum
212 3340 271 3379 uero
291 3323 475 3379 Vindemialem
493 3320 579 3393 plauto
593 3322 691 3392 percuti
704 3321 833 3393 pracepit,
850 3321 918 3392 quad
968 3314 1149 3384 protulerunt,·
1162 3315 1249 3385 puella
1261 3331 1319 3370 nero
1333 3324 1383 3370 ana
1396 3333 1428 3372 en
1442 3317 1627 3375 habitatoribus
1640 3320 1690 3376 laci
1702 3331 1756 3376 sta-

131 3412 179 3468 etl
195 3414 327 3485 impletum
348 3424 385 3468 est
405 3416 432 3467 in
452 3413 500 3467 boc
519 3413 666 3466 certamine.
686 3414 841 3486 Octauianus
859 3429 918 3467 cera
969 3405 1062 3460 1ῐο11111
1074 3406 1150 3471 allii.
1162 3409 1234 3476 atari
1253 3407 1353 3477 aliquid
1370 3419 1526 3478 corruptura,
1538 3413 1695 3482 speciemque
1708 3416 1756 3468 sibi

132 3505 328 3558 archidiaconns
351 3514 374 3557 et
394 3504 475 3558 multa
494 3504 576 3585 millia
595 3503 706 3557 uirorum
729 3520 759 3557 ac
782 3503 918 3557 mulierum
967 3506 1054 3568 talam
1066 3497 1221 3569 aspiciente
1238 3501 1394 3569 nepotiatore
1410 3500 1530 3571 suscepit,
1552 3510 1577 3556 el
1590 3504 1675 3556 statim
1688 3504 1756 3560 dicta

134 3594 198 3647 banc
211 3593 289 3663 pidem
309 3595 483 3658 ussermann,
498 3595 647 3662 interempta
662 3602 737 3664 atque
756 3602 770 3641 ⁸
788 3594 918 3648 debilitato
967 3589 1043 3646 citius
1057 3600 1197 3660 porrectam
1212 3591 1296 3654 alteri,
1313 3600 1387 3662 nepai
1400 3607 1427 3645 se
1444 3593 1581 3660 accepisse.
1604 3593 1756 3663 Nepotiatar

133 3695 203 3740 sunt.
219 3685 272 3740 Sed
290 3701 336 3755 pro
347 3701 434 3739 amare
452 3685 540 3755 abacia
553 3685 617 3738 nibil
631 3694 704 3739 erant
724 3686 777 3740 lstec
789 3685 918 3755 supplicia
967 3697 1026 3736 nero
1036 3681 1245 3735 interstruiebat:
1260 3680 1387 3736 Medeam
1403 3680 1448 3734 tibi
1462 3697 1539 3735 manu
1554 3685 1658 3754 protuli,
1679 3695 1755 3755 tumre

134 3775 317 3844 conlusoribus
336 3776 440 3838 sciretis,
464 3774 509 3843 qai
530 3773 557 3826 in
577 3774 647 3841 pacis
666 3773 759 3839 necati,
781 3773 808 3826 in
831 3771 919 3827 multis
967 3772 1112 3825 rimandam
1133 3770 1241 3825 sollicite
1257 3773 1388 3840 accepisti.
1409 3772 1511 3844 illoque
1525 3781 1642 3843 negante,
1657 3775 1694 3828 ait
1709 3792 1755 3830 ne·

135 3863 196 3919 bene
217 3881 245 3919 se
268 3875 391 3919 nouerant
417 3865 599 3933 disponendas,
620 3867 698 3935 juata
718 3864 784 3918 illud
804 3865 919 3935 Apostoli
968 3860 1139 3933 potiotortsi
1149 3861 1194 3914 tibi
1205 3869 1318 3915 tantaest
1328 3861 1755 3931 pertinacia,aruritiastimulante,

136 3953 224 4025 (darn.
248 3971 304 4023 unt,
326 3957 387 4024 l8):
405 3955 471 4022 eria
486 3971 536 4009 non
558 3967 616 4009 naret
636 3957 768 4025 candiana
787 3956 919 4026 passiones
967 3952 1087 4024 aspondi,
1105 3951 1205 4022 iudicet
1221 3951 1289 4005 illud
1310 3951 1396 4005 beatus
1417 3950 1426 3989 ¹
1447 3961 1543 4022 martur
1564 3951 1705 4026 Enpenins,
1719 3956 1755 4009 ad

134 4045 210 4115 bsrjm
225 4045 345 4115 temporis
365 4045 399 4097 ad
419 4046 531 4115 suturam
546 4045 665 4115 placians,
684 4060 741 4115 aute
754 4046 878 4100 reueletur
890 4047 918 4107 in
968 4046 1041 4114 cujum
1050 4043 1195 4113 sepulerum
1208 4045 1231 4097 si
1242 4059 1299 4098 cum
1313 4046 1466 4098 sacramenti
1478 4045 1670 4112 interpositione
1683 4048 1755 4099 diae-

134 4135 204 4189 nobis
217 4132 241 4188 ¹¹.
967 4135 1004 4188 ris
1025 4142 1048 4188 te
1066 4150 1117 4188 non
1141 4134 1277 4205 accepisse,
1299 4135 1387 4187 damini
1405 4133 1468 4186 nribi
1489 4132 1553 4186 nibil
1571 4134 1668 4186 usttuc
1687 4136 1755 4203 qnod

166 4222 213 4278 tx.
228 4223 256 4276 11
259 4224 305 4277 ulti
321 4233 379 4278 tarra
392 4234 504 4279 errantes
525 4224 533 4262 ἱ
553 4243 568 4279 a
582 4225 632 4295 fide
645 4227 798 4298 accipientes
816 4229 917 4284 diritius
968 4225 1051 4279 amisi.
1063 4227 1095 4278 At
1108 4225 1153 4279 illu
1167 4226 1282 4295 pollicita
1293 4240 1319 4278 se
1331 4240 1403 4293 passe
1414 4240 1446 4278 ea
1456 4227 1503 4278 troc
1516 4225 1574 4278 enai
1584 4234 1764 4288 sacramenta,

134 4314 290 4369 inseruerant
305 4331 330 4369 se
348 4317 476 4370 doloribus
491 4318 588 4371 multis.
607 4316 703 4383 lnielic
716 4330 801 4372 autem
812 4321 917 4392 auidam
967 4317 1036 4369 uadit
1051 4317 1121 4369 acius
1135 4317 1169 4369 ad
1181 4317 1335 4386 sepulcrum,
1351 4315 1502 4385 eleuatisoue
1516 4314 1630 4368 manibus
1644 4324 1671 4367 nt
1680 4318 1756 4385 jnra-

133 4408 265 4476 episropns
284 4410 384 4462 nomine
399 4408 549 4468 lieraeatur.
565 4425 595 4463 eo
608 4421 720 4479 tempora
735 4423 771 4465 est
785 4424 916 4468 reuocatas
966 4415 1016 4471 ret,
1030 4406 1157 4473 eatensplo
1176 4407 1292 4460 membris
1309 4415 1328 4442 ω
1343 4405 1472 4459 dissolutis
1486 4404 1597 4474 irripuit,
1613 4404 1754 4475 plantaque

133 4496 211 4565 spde
224 4495 357 4552 cotltalica.
374 4496 445 4551 Tunc
459 4507 482 4552 et
497 4497 535 4553 sal
546 4510 607 4553 teter
624 4502 742 4570 apparuit
756 4502 915 4571 obscuratus,
930 4479 955 4540 ὓ
968 4499 1023 4569 sits
1039 4495 1125 4562 infixus
1138 4502 1196 4547 sant
1210 4497 1364 4562 pauimenta,
1380 4509 1428 4546 aaa
1442 4493 1514 4546 buerit
1529 4494 1556 4546 in
1569 4500 1680 4564 patrare,
1697 4501 1757 4548 lan·

132 4585 167 4640 its
181 4595 209 4640 at
223 4586 265 4640 cic
280 4588 312 4640 ab
325 4603 355 4641 ea
374 4605 434 4659 purs
445 4591 482 4642 uel
496 4591 568 4644 tertia
586 4591 704 4655 eluceret,
720 4592 795 4647 creda
810 4610 918 4662 namque
970 4598 1021 4641 tam
1033 4604 1061 4642 at
1077 4586 1194 4657 palulum
1206 4602 1221 4638 a
1234 4601 1348 4640 ttrmtttt
1365 4586 1462 4639 nudum
1480 4585 1575 4641 biabat.
1592 4587 1667 4654 Quod
1682 4603 1757 4658 nepo·

133 4691 178 4743 pro
195 4677 273 4730 tantis
286 4677 422 4733 sceleribus
434 4688 457 4734 et
476 4679 600 4746 effusione
617 4683 748 4752 sarraairris
767 4683 915 4739 innocentis.
969 4679 1046 4732 tiator
1057 4692 1159 4731 cermns
1173 4691 1231 4729 ‘itm
1250 4667 1463 4747 telitso'ttoprtlm
1475 4677 1531 4748 ait:
1547 4675 1634 4732 Prosit
1646 4677 1701 4744 tibi,
1717 4679 1757 4732 in·

133 4763 278 4822 idonaricus
299 4783 357 4822 uero
375 4777 432 4839 past
450 4779 548 4824 tuntum
566 4772 677 4839 fucinus,
692 4780 807 4844 arreptus
828 4789 845 4827 a
864 4775 918 4829 dee-
968 4769 1031 4840 quit,
1047 4768 1127 4838 sirpo,
1141 4765 1196 4821 buc
1213 4766 1308 4837 species
1322 4783 1398 4834 qnam
1418 4768 1499 4821 tulisti
1511 4766 1584 4822 mibi.
1600 4766 1699 4837 Sufficit
1712 4768 1757 4821 tibi

132 4870 215 4923 mone,
229 4858 274 4925 pai
287 4857 331 4911 dia
350 4859 384 4912 de
404 4869 551 4913 sanctornm
567 4863 691 4932 sanpuine
712 4871 799 4931 pastus
820 4863 915 4934 suerat,
969 4864 1033 4921 ultio
1057 4862 1118 4916 data
1145 4876 1189 4930 per
1210 4859 1279 4913 bunc
1301 4859 1448 4930 pontificem
1471 4850 1627 4933 Erspmirrm.
1653 4859 1685 4913 Et
1709 4858 1757 4913 boe

167 5120 265 5176 ⁸Hsnc
279 5118 342 5175 cuci
358 5120 495 5175 historiam
515 5129 645 5174 memorat
666 5121 832 5177 Herrnsnaus
847 5123 918 5178 Con·
1005 5134 1019 5173 s
1035 5124 1084 5180 ils.
1099 5124 1124 5189 1,
1137 5134 1236 5178 amata.

132 5196 231 5274 tructas
252 5191 279 5244 in
303 5190 437 5244 Chronica
457 5190 490 5244 sd
511 5205 608 5271 annum
627 5191 691 5257 lbb,
719 5193 762 5248 ulti
783 5191 918 5263 Lasrssinus
1004 5191 1246 5274 iEd.‚sanctis.·
1446 5262 1453 5277 ι

132 5259 745 5398 ⁰⁹l“sll'ii.s².¹'l.⁸'.ii3¹¹icii'flb'iii‘ncns,
761 5331 915 5388 raseris..
968 5261 1607 5404 sideritisiitttttritlittf²⁶⁰¹⁰
1636 5262 1757 5331 ‘'⁰⁹¹⁰“¹‘

166 5400 305 5463 russam,
317 5399 429 5454 aculeos.
1004 5407 1012 5453 l
1031 5403 1119 5468 (1011),,
1136 5401 1295 5456 llildericns.
1312 5401 1321 5419 ¹

165 5468 281 5534 teatin,
299 5469 453 5536 disponeret.
931 5518 934 5527 .
1005 5471 1018 5510 ¹
1034 5472 1098 5538 Qua
1114 5472 1217 5527 ansulis
1230 5472 1332 5527 inclusa
1347 5483 1419 5540 sunt,
1438 5487 1471 5530 es
1487 5471 1547 5528 aod.
1568 5469 1642 5526 ecit».
1657 5469 1759 5526 deseri*

166 5538 260 5590 read.
276 5554 345 5608 reg..
367 5538 546 5593 Albunensem.
972 5541 1085 5614 primus.

168 5604 259 5661 tttss.
280 5607 308 5676 Ξ,
333 5606 465 5676 impletum
481 5620 529 5663 est.
553 5605 585 5661 in
607 5605 654 5663 boc
675 5615 759 5663 aulem
781 5612 917 5665 saturnine
1011 5610 1018 5648 ¹
1035 5611 1122 5677 Gallu,
1136 5593 1290 5681 consessor(

134 5677 297 5744 turus-tanus,
311 5686 365 5732 eta.
1008 5691 1028 5720 ¹¹¹
1042 5681 1130 5749 Galli„
1143 5683 1266 5736 dissoluta
1281 5681 1393 5746 diripuit.
