<?xml version="1.0" encoding="UTF-8"?>
<!DOCTYPE html PUBLIC "-//W3C//DTD XHTML 1.0 Transitional//EN"
    "http://www.w3.org/TR/xhtml1/DTD/xhtml1-transitional.dtd">
<html xmlns="http://www.w3.org/1999/xhtml" xml:lang="en" lang="en">
 <head>
  <title>
</title>
<meta http-equiv="Content-Type" content="text/html;charset=utf-8" />
  <meta name='ocr-system' content='tesseract 3.04.00' />
  <meta name='ocr-capabilities' content='ocr_page ocr_carea ocr_par ocr_line ocrx_word'/>
</head>
<body>
  <div class='ocr_page' id='page_1' title='image "./patrologiaecurs102unkngoog_0113.png"; bbox 0 0 3788 6120; ppageno 0'>
   <div class='ocr_carea' id='block_1_1' title="bbox 148 262 1280 351">
    <p class='ocr_par' dir='ltr' id='par_1_1' title="bbox 148 262 1280 351">
     <span class='ocr_line' id='line_1_1' title="bbox 148 262 1280 351; baseline -0.011 -22"><span class='ocrx_word' id='word_1_1' title='bbox 148 275 189 330; x_wconf 81' lang='lat' dir='ltr'>itt</span> <span class='ocrx_word' id='word_1_2' title='bbox 605 266 648 324; x_wconf 81' lang='lat' dir='ltr'>ilii</span> <span class='ocrx_word' id='word_1_3' title='bbox 668 262 926 323; x_wconf 78' lang='lat' dir='ltr'>PERSECUTiONE</span> <span class='ocrx_word' id='word_1_4' title='bbox 948 263 1138 319; x_wconf 75' lang='lat' dir='ltr'>venustius</span> <span class='ocrx_word' id='word_1_5' title='bbox 1158 263 1220 319; x_wconf 78' lang='grc' dir='ltr'>ΗΒ.</span> <span class='ocrx_word' id='word_1_6' title='bbox 1243 264 1280 351; x_wconf 58' lang='grc' dir='ltr'>ΙΙ.ι</span> 
     </span>
    </p>
   </div>
   <div class='ocr_carea' id='block_1_2' title="bbox 144 379 1752 460">
    <p class='ocr_par' dir='ltr' id='par_1_2' title="bbox 144 379 1752 460">
     <span class='ocr_line' id='line_1_2' title="bbox 144 379 1752 460; baseline -0.002 -21"><span class='ocrx_word' id='word_1_7' title='bbox 144 395 201 460; x_wconf 73' lang='lat' dir='ltr'>epus,</span> <span class='ocrx_word' id='word_1_8' title='bbox 213 384 281 440; x_wconf 79' lang='lat' dir='ltr'>alioci</span> <span class='ocrx_word' id='word_1_9' title='bbox 296 385 476 447; x_wconf 86' lang='lat' dir='ltr'>nondicebat,</span> <span class='ocrx_word' id='word_1_10' title='bbox 492 383 542 436; x_wconf 90' lang='lat' dir='ltr'>nisi</span> <span class='ocrx_word' id='word_1_11' title='bbox 557 382 620 435; x_wconf 87' lang='lat' dir='ltr'>illud</span> <span class='ocrx_word' id='word_1_12' title='bbox 636 380 705 449; x_wconf 94' lang='lat' dir='ltr'>quod</span> <span class='ocrx_word' id='word_1_13' title='bbox 719 381 773 448; x_wconf 84' lang='lat' dir='ltr'>jaus</span> <span class='ocrx_word' id='word_1_14' title='bbox 787 379 891 434; x_wconf 89' lang='lat' dir='ltr'>dixerat</span> <span class='ocrx_word' id='word_1_15' title='bbox 904 396 911 433; x_wconf 92' lang='lat'>:</span> <span class='ocrx_word' id='word_1_16' title='bbox 926 383 1047 440; x_wconf 79' lang='lat' dir='ltr'>Aclturo</span> <span class='ocrx_word' id='word_1_17' title='bbox 1062 382 1123 436; x_wconf 92' lang='lat' dir='ltr'>doct</span> <span class='ocrx_word' id='word_1_18' title='bbox 1134 398 1200 436; x_wconf 84' lang='lat' dir='ltr'>uum</span> <span class='ocrx_word' id='word_1_19' title='bbox 1225 382 1332 436; x_wconf 90' lang='lat' dir='ltr'>nomine</span> <span class='ocrx_word' id='word_1_20' title='bbox 1349 390 1360 419; x_wconf 66' lang='grc' dir='ltr'>ι</span> <span class='ocrx_word' id='word_1_21' title='bbox 1377 382 1496 447; x_wconf 82' lang='lat' dir='ltr'>Laetrrm,</span> <span class='ocrx_word' id='word_1_22' title='bbox 1521 389 1657 437; x_wconf 87' lang='lat' dir='ltr'>streuuum</span> <span class='ocrx_word' id='word_1_23' title='bbox 1672 391 1752 446; x_wconf 86' lang='lat' dir='ltr'>atque</span> 
     </span>
    </p>
   </div>
   <div class='ocr_carea' id='block_1_3' title="bbox 106 459 917 1719">
    <p class='ocr_par' dir='ltr' id='par_1_3' title="bbox 106 459 917 1628">
     <span class='ocr_line' id='line_1_3' title="bbox 136 459 914 545; baseline -0.013 -13"><span class='ocrx_word' id='word_1_24' title='bbox 136 477 313 545; x_wconf 82' lang='lat' dir='ltr'>sicutjussuru</span> <span class='ocrx_word' id='word_1_25' title='bbox 327 484 370 529; x_wconf 88' lang='lat' dir='ltr'>est</span> <span class='ocrx_word' id='word_1_26' title='bbox 384 473 467 528; x_wconf 82' lang='lat' dir='ltr'>redde</span> <span class='ocrx_word' id='word_1_27' title='bbox 481 470 546 526; x_wconf 89' lang='lat' dir='ltr'>milti</span> <span class='ocrx_word' id='word_1_28' title='bbox 560 471 653 525; x_wconf 86' lang='lat' dir='ltr'>oculos</span> <span class='ocrx_word' id='word_1_29' title='bbox 667 459 751 523; x_wconf 79' lang='lat' dir='ltr'>uicos.</span> <span class='ocrx_word' id='word_1_30' title='bbox 768 470 914 523; x_wconf 80' lang='lat' dir='ltr'>Attendcns</span> 
     </span>
     <span class='ocr_line' id='line_1_4' title="bbox 130 560 914 639; baseline -0.01 -17"><span class='ocrx_word' id='word_1_31' title='bbox 130 580 233 639; x_wconf 91' lang='lat' dir='ltr'>quoquc</span> <span class='ocrx_word' id='word_1_32' title='bbox 244 564 378 634; x_wconf 84' lang='lat' dir='ltr'>Eugenius</span> <span class='ocrx_word' id='word_1_33' title='bbox 390 562 594 618; x_wconf 80' lang='lat' dir='ltr'>inverecundam</span> <span class='ocrx_word' id='word_1_34' title='bbox 607 562 801 623; x_wconf 79' lang='lat' dir='ltr'>credultotetu,</span> <span class='ocrx_word' id='word_1_35' title='bbox 816 568 843 614; x_wconf 89' lang='lat' dir='ltr'>et</span> <span class='ocrx_word' id='word_1_36' title='bbox 853 560 914 627; x_wconf 86' lang='lat' dir='ltr'>quia</span> 
     </span>
     <span class='ocr_line' id='line_1_5' title="bbox 120 652 915 729; baseline -0.01 -17"><span class='ocrx_word' id='word_1_37' title='bbox 120 659 187 729; x_wconf 77' lang='lat' dir='ltr'>iata</span> <span class='ocrx_word' id='word_1_38' title='bbox 198 665 298 722; x_wconf 87' lang='lat' dir='ltr'>tempus</span> <span class='ocrx_word' id='word_1_39' title='bbox 313 654 433 724; x_wconf 88' lang='lat' dir='ltr'>urgebat,</span> <span class='ocrx_word' id='word_1_40' title='bbox 451 654 536 722; x_wconf 83' lang='lat' dir='ltr'>pergit</span> <span class='ocrx_word' id='word_1_41' title='bbox 555 667 617 707; x_wconf 90' lang='lat' dir='ltr'>cum</span> <span class='ocrx_word' id='word_1_42' title='bbox 637 667 680 714; x_wconf 92' lang='lat' dir='ltr'>co,</span> <span class='ocrx_word' id='word_1_43' title='bbox 696 652 840 707; x_wconf 87' lang='lat' dir='ltr'>comitante</span> <span class='ocrx_word' id='word_1_44' title='bbox 855 652 915 706; x_wconf 90' lang='lat' dir='ltr'>olli·</span> 
     </span>
     <span class='ocr_line' id='line_1_6' title="bbox 116 741 916 810; baseline -0.011 -7"><span class='ocrx_word' id='word_1_45' title='bbox 116 744 338 803; x_wconf 82' lang='lat' dir='ltr'>cioclericorum</span> <span class='ocrx_word' id='word_1_46' title='bbox 355 742 511 797; x_wconf 83' lang='lat' dir='ltr'>edlonteur.</span> <span class='ocrx_word' id='word_1_47' title='bbox 528 741 577 796; x_wconf 85' lang='lat' dir='ltr'>Ubi</span> <span class='ocrx_word' id='word_1_48' title='bbox 594 742 652 794; x_wconf 86' lang='lat' dir='ltr'>dxis</span> <span class='ocrx_word' id='word_1_49' title='bbox 678 741 789 810; x_wconf 87' lang='lat' dir='ltr'>genibus</span> <span class='ocrx_word' id='word_1_50' title='bbox 802 756 861 794; x_wconf 91' lang='lat' dir='ltr'>cum</span> <span class='ocrx_word' id='word_1_51' title='bbox 876 741 916 794; x_wconf 94' lang='lat' dir='ltr'>iu-</span> 
     </span>
     <span class='ocr_line' id='line_1_7' title="bbox 109 829 915 906; baseline -0.014 -13"><span class='ocrx_word' id='word_1_52' title='bbox 109 837 202 906; x_wconf 70' lang='lat' dir='ltr'>genti</span> <span class='ocrx_word' id='word_1_53' title='bbox 213 836 324 905; x_wconf 89' lang='lat' dir='ltr'>gemitu,</span> <span class='ocrx_word' id='word_1_54' title='bbox 340 833 448 904; x_wconf 86' lang='lat' dir='ltr'>pulsans</span> <span class='ocrx_word' id='word_1_55' title='bbox 462 829 622 902; x_wconf 73' lang='lat' dir='ltr'>singultibus</span> <span class='ocrx_word' id='word_1_56' title='bbox 635 830 742 895; x_wconf 75' lang='lat' dir='ltr'>crelion,</span> <span class='ocrx_word' id='word_1_57' title='bbox 754 831 915 898; x_wconf 87' lang='lat' dir='ltr'>crispantem</span> 
     </span>
     <span class='ocr_line' id='line_1_8' title="bbox 107 921 917 989; baseline -0.01 -7"><span class='ocrx_word' id='word_1_58' title='bbox 107 925 264 982; x_wconf 74' lang='lat' dir='ltr'>benedixit</span> <span class='ocrx_word' id='word_1_59' title='bbox 275 925 381 979; x_wconf 90' lang='lat' dir='ltr'>alveum</span> <span class='ocrx_word' id='word_1_60' title='bbox 394 923 485 987; x_wconf 87' lang='lat' dir='ltr'>lautis,</span> <span class='ocrx_word' id='word_1_61' title='bbox 499 932 526 978; x_wconf 91' lang='lat' dir='ltr'>et</span> <span class='ocrx_word' id='word_1_62' title='bbox 538 938 598 978; x_wconf 93' lang='lat' dir='ltr'>cutu</span> <span class='ocrx_word' id='word_1_63' title='bbox 609 921 739 989; x_wconf 87' lang='lat' dir='ltr'>completa</span> <span class='ocrx_word' id='word_1_64' title='bbox 752 921 917 975; x_wconf 75' lang='lat' dir='ltr'>surrexisset</span> 
     </span>
     <span class='ocr_line' id='line_1_9' title="bbox 106 1011 916 1082; baseline -0.007 -10"><span class='ocrx_word' id='word_1_65' title='bbox 106 1015 264 1082; x_wconf 79' lang='lat' dir='ltr'>oratione,</span> <span class='ocrx_word' id='word_1_66' title='bbox 293 1019 329 1069; x_wconf 87' lang='lat' dir='ltr'>ita</span> <span class='ocrx_word' id='word_1_67' title='bbox 340 1028 413 1069; x_wconf 90' lang='lat' dir='ltr'>caeco</span> <span class='ocrx_word' id='word_1_68' title='bbox 435 1014 592 1082; x_wconf 90' lang='lat' dir='ltr'>respoudit:</span> <span class='ocrx_word' id='word_1_69' title='bbox 610 1013 667 1069; x_wconf 87' lang='lat' dir='ltr'>lam</span> <span class='ocrx_word' id='word_1_70' title='bbox 684 1011 730 1066; x_wconf 90' lang='lat' dir='ltr'>tibi</span> <span class='ocrx_word' id='word_1_71' title='bbox 746 1011 811 1078; x_wconf 87' lang='lat' dir='ltr'>dixi,</span> <span class='ocrx_word' id='word_1_72' title='bbox 836 1012 916 1066; x_wconf 88' lang='lat' dir='ltr'>irater</span> 
     </span>
     <span class='ocr_line' id='line_1_10' title="bbox 109 1102 917 1174; baseline -0.007 -11"><span class='ocrx_word' id='word_1_73' title='bbox 109 1108 216 1172; x_wconf 79' lang='lat' dir='ltr'>Felix,</span> <span class='ocrx_word' id='word_1_74' title='bbox 230 1120 353 1174; x_wconf 78' lang='lat' dir='ltr'>peccator</span> <span class='ocrx_word' id='word_1_75' title='bbox 376 1106 456 1158; x_wconf 89' lang='lat' dir='ltr'>itottto</span> <span class='ocrx_word' id='word_1_76' title='bbox 476 1118 526 1173; x_wconf 83' lang='lat' dir='ltr'>ego</span> <span class='ocrx_word' id='word_1_77' title='bbox 540 1119 616 1169; x_wconf 89' lang='lat' dir='ltr'>suut;</span> <span class='ocrx_word' id='word_1_78' title='bbox 633 1102 680 1157; x_wconf 89' lang='lat' dir='ltr'>scd</span> <span class='ocrx_word' id='word_1_79' title='bbox 705 1103 749 1172; x_wconf 91' lang='lat' dir='ltr'>qui</span> <span class='ocrx_word' id='word_1_80' title='bbox 770 1113 795 1157; x_wconf 91' lang='lat' dir='ltr'>tc</span> <span class='ocrx_word' id='word_1_81' title='bbox 809 1103 917 1157; x_wconf 88' lang='lat' dir='ltr'>visitare</span> 
     </span>
     <span class='ocr_line' id='line_1_11' title="bbox 109 1192 916 1265; baseline -0.002 -17"><span class='ocrx_word' id='word_1_82' title='bbox 109 1196 251 1265; x_wconf 77' lang='lat' dir='ltr'>diguatus</span> <span class='ocrx_word' id='word_1_83' title='bbox 263 1206 314 1259; x_wconf 93' lang='lat' dir='ltr'>est,</span> <span class='ocrx_word' id='word_1_84' title='bbox 339 1203 447 1262; x_wconf 78' lang='lat' dir='ltr'>prestet</span> <span class='ocrx_word' id='word_1_85' title='bbox 463 1193 510 1248; x_wconf 91' lang='lat' dir='ltr'>tibi</span> <span class='ocrx_word' id='word_1_86' title='bbox 523 1193 650 1247; x_wconf 83' lang='lat' dir='ltr'>Dominus</span> <span class='ocrx_word' id='word_1_87' title='bbox 670 1192 815 1247; x_wconf 90' lang='lat' dir='ltr'>secundum</span> <span class='ocrx_word' id='word_1_88' title='bbox 838 1192 916 1246; x_wconf 87' lang='lat' dir='ltr'>iidem</span> 
     </span>
     <span class='ocr_line' id='line_1_12' title="bbox 112 1282 917 1352; baseline -0.005 -12"><span class='ocrx_word' id='word_1_89' title='bbox 112 1295 214 1350; x_wconf 79' lang='lat' dir='ltr'>tuam,</span> <span class='ocrx_word' id='word_1_90' title='bbox 228 1294 253 1339; x_wconf 88' lang='lat' dir='ltr'>et</span> <span class='ocrx_word' id='word_1_91' title='bbox 266 1286 368 1349; x_wconf 77' lang='lat' dir='ltr'>aperiat</span> <span class='ocrx_word' id='word_1_92' title='bbox 378 1285 469 1339; x_wconf 87' lang='lat' dir='ltr'>ocrtlns</span> <span class='ocrx_word' id='word_1_93' title='bbox 482 1294 552 1337; x_wconf 89' lang='lat' dir='ltr'>tuos.</span> <span class='ocrx_word' id='word_1_94' title='bbox 569 1282 709 1352; x_wconf 81' lang='lat' dir='ltr'>Simulque</span> <span class='ocrx_word' id='word_1_95' title='bbox 723 1283 818 1337; x_wconf 85' lang='lat' dir='ltr'>vexillo</span> <span class='ocrx_word' id='word_1_96' title='bbox 829 1282 917 1337; x_wconf 88' lang='lat' dir='ltr'>crucis</span> 
     </span>
     <span class='ocr_line' id='line_1_13' title="bbox 119 1376 917 1445; baseline 0.001 -15"><span class='ocrx_word' id='word_1_97' title='bbox 119 1376 268 1445; x_wconf 80' lang='lat' dir='ltr'>tottsignat</span> <span class='ocrx_word' id='word_1_98' title='bbox 282 1376 374 1430; x_wconf 89' lang='lat' dir='ltr'>oculos</span> <span class='ocrx_word' id='word_1_99' title='bbox 388 1376 456 1444; x_wconf 77' lang='lat' dir='ltr'>eius.</span> <span class='ocrx_word' id='word_1_100' title='bbox 474 1377 568 1432; x_wconf 82' lang='lat' dir='ltr'>Statim</span> <span class='ocrx_word' id='word_1_101' title='bbox 582 1391 670 1430; x_wconf 81' lang='lat' dir='ltr'>caecus</span> <span class='ocrx_word' id='word_1_102' title='bbox 685 1377 788 1443; x_wconf 92' lang='lat' dir='ltr'>visurn,</span> <span class='ocrx_word' id='word_1_103' title='bbox 804 1376 917 1431; x_wconf 84' lang='lat' dir='ltr'>Domino</span> 
     </span>
     <span class='ocr_line' id='line_1_14' title="bbox 125 1467 916 1536; baseline 0.003 -18"><span class='ocrx_word' id='word_1_104' title='bbox 125 1467 257 1521; x_wconf 69' lang='lat' dir='ltr'>reddente</span> <span class='ocrx_word' id='word_1_105' title='bbox 265 1478 279 1533; x_wconf 91' lang='grc'>,·</span> <span class='ocrx_word' id='word_1_106' title='bbox 289 1467 401 1535; x_wconf 79' lang='lat' dir='ltr'>recapit.</span> <span class='ocrx_word' id='word_1_107' title='bbox 416 1467 500 1532; x_wconf 78' lang='lat' dir='ltr'>Quem</span> <span class='ocrx_word' id='word_1_108' title='bbox 514 1482 623 1532; x_wconf 90' lang='lat' dir='ltr'>secum,</span> <span class='ocrx_word' id='word_1_109' title='bbox 647 1482 784 1536; x_wconf 82' lang='lat' dir='ltr'>quousque</span> <span class='ocrx_word' id='word_1_110' title='bbox 799 1467 916 1520; x_wconf 90' lang='lat' dir='ltr'>universi</span> 
     </span>
     <span class='ocr_line' id='line_1_15' title="bbox 131 1558 914 1628; baseline 0.005 -18"><span class='ocrx_word' id='word_1_111' title='bbox 131 1558 336 1628; x_wconf 64' lang='lat' dir='ltr'>imputarentur,</span> <span class='ocrx_word' id='word_1_112' title='bbox 351 1560 385 1613; x_wconf 89' lang='lat' dir='ltr'>ibi</span> <span class='ocrx_word' id='word_1_113' title='bbox 403 1559 516 1613; x_wconf 80' lang='lat' dir='ltr'>detinuit</span> <span class='ocrx_word' id='word_1_114' title='bbox 531 1567 544 1596; x_wconf 78' lang='lat'>⁸</span> <span class='ocrx_word' id='word_1_115' title='bbox 558 1560 593 1613; x_wconf 90' lang='lat' dir='ltr'>ob</span> <span class='ocrx_word' id='word_1_116' title='bbox 613 1560 673 1622; x_wconf 88' lang='lat' dir='ltr'>lroc,</span> <span class='ocrx_word' id='word_1_117' title='bbox 699 1574 733 1613; x_wconf 96' lang='lat' dir='ltr'>ue</span> <span class='ocrx_word' id='word_1_118' title='bbox 746 1569 819 1613; x_wconf 93' lang='lat' dir='ltr'>tauto</span> <span class='ocrx_word' id='word_1_119' title='bbox 834 1561 914 1614; x_wconf 91' lang='lat' dir='ltr'>mira·</span> 
     </span>
    </p>

    <p class='ocr_par' dir='ltr' id='par_1_4' title="bbox 143 1648 912 1719">
     <span class='ocr_line' id='line_1_16' title="bbox 143 1648 912 1719; baseline 0.005 -18"><span class='ocrx_word' id='word_1_120' title='bbox 143 1653 196 1704; x_wconf 82' lang='lat' dir='ltr'>atrio</span> <span class='ocrx_word' id='word_1_121' title='bbox 207 1649 317 1719; x_wconf 85' lang='lat' dir='ltr'>populus</span> <span class='ocrx_word' id='word_1_122' title='bbox 341 1651 482 1715; x_wconf 84' lang='lat' dir='ltr'>excitatus,</span> <span class='ocrx_word' id='word_1_123' title='bbox 511 1648 596 1703; x_wconf 87' lang='lat' dir='ltr'>virum</span> <span class='ocrx_word' id='word_1_124' title='bbox 615 1660 765 1704; x_wconf 87' lang='lat' dir='ltr'>contereret</span> <span class='ocrx_word' id='word_1_125' title='bbox 778 1651 823 1718; x_wconf 87' lang='lat' dir='ltr'>qui</span> <span class='ocrx_word' id='word_1_126' title='bbox 838 1665 912 1705; x_wconf 85' lang='lat' dir='ltr'>rece·</span> 
     </span>
    </p>
   </div>
   <div class='ocr_carea' id='block_1_4' title="bbox 967 467 1757 1724">
    <p class='ocr_par' dir='ltr' id='par_1_5' title="bbox 967 467 1757 1724">
     <span class='ocr_line' id='line_1_17' title="bbox 967 467 1753 540; baseline 0 -13"><span class='ocrx_word' id='word_1_127' title='bbox 967 473 1150 530; x_wconf 87' lang='lat' dir='ltr'>doctissimum</span> <span class='ocrx_word' id='word_1_128' title='bbox 1168 473 1272 536; x_wconf 86' lang='lat' dir='ltr'>virum,</span> <span class='ocrx_word' id='word_1_129' title='bbox 1289 480 1347 540; x_wconf 89' lang='lat' dir='ltr'>post</span> <span class='ocrx_word' id='word_1_130' title='bbox 1359 472 1498 526; x_wconf 89' lang='lat' dir='ltr'>diuturnos</span> <span class='ocrx_word' id='word_1_131' title='bbox 1518 467 1633 527; x_wconf 74' lang='lat' dir='ltr'>carceris</span> <span class='ocrx_word' id='word_1_132' title='bbox 1647 473 1753 538; x_wconf 90' lang='lat' dir='ltr'>squalo-</span> 
     </span>
     <span class='ocr_line' id='line_1_18' title="bbox 968 562 1753 631; baseline 0.003 -15"><span class='ocrx_word' id='word_1_133' title='bbox 968 579 1011 618; x_wconf 86' lang='lat' dir='ltr'>res</span> <span class='ocrx_word' id='word_1_134' title='bbox 1035 562 1158 618; x_wconf 91' lang='lat' dir='ltr'>incendio</span> <span class='ocrx_word' id='word_1_135' title='bbox 1181 563 1377 626; x_wconf 85' lang='lat' dir='ltr'>cuucrematit,</span> <span class='ocrx_word' id='word_1_136' title='bbox 1405 565 1542 618; x_wconf 79' lang='lat' dir='ltr'>aestimans</span> <span class='ocrx_word' id='word_1_137' title='bbox 1560 563 1608 618; x_wconf 89' lang='lat' dir='ltr'>tali</span> <span class='ocrx_word' id='word_1_138' title='bbox 1629 563 1753 631; x_wconf 90' lang='lat' dir='ltr'>exemplo</span> 
     </span>
     <span class='ocr_line' id='line_1_19' title="bbox 968 638 1753 721; baseline 0.001 -14"><span class='ocrx_word' id='word_1_139' title='bbox 968 653 1090 707; x_wconf 88' lang='lat' dir='ltr'>timorem</span> <span class='ocrx_word' id='word_1_140' title='bbox 1118 653 1269 716; x_wconf 89' lang='lat' dir='ltr'>incutiens,</span> <span class='ocrx_word' id='word_1_141' title='bbox 1293 638 1410 721; x_wconf 88' lang='lat' dir='ltr'>reliquos</span> <span class='ocrx_word' id='word_1_142' title='bbox 1431 666 1460 706; x_wconf 84' lang='lat' dir='ltr'>se</span> <span class='ocrx_word' id='word_1_143' title='bbox 1481 653 1620 707; x_wconf 86' lang='lat' dir='ltr'>elisurum.</span> <span class='ocrx_word' id='word_1_144' title='bbox 1634 654 1753 710; x_wconf 81' lang='lat' dir='ltr'>Tandem</span> 
     </span>
     <span class='ocr_line' id='line_1_20' title="bbox 968 741 1755 811; baseline 0.003 -15"><span class='ocrx_word' id='word_1_145' title='bbox 968 745 1072 797; x_wconf 82' lang='lat' dir='ltr'>venitur</span> <span class='ocrx_word' id='word_1_146' title='bbox 1085 743 1118 797; x_wconf 90' lang='lat' dir='ltr'>ad</span> <span class='ocrx_word' id='word_1_147' title='bbox 1130 741 1317 811; x_wconf 78' lang='lat' dir='ltr'>disputationis</span> <span class='ocrx_word' id='word_1_148' title='bbox 1330 742 1494 807; x_wconf 88' lang='lat' dir='ltr'>condictum,</span> <span class='ocrx_word' id='word_1_149' title='bbox 1509 742 1541 795; x_wconf 92' lang='lat' dir='ltr'>ad</span> <span class='ocrx_word' id='word_1_150' title='bbox 1555 743 1641 798; x_wconf 90' lang='lat' dir='ltr'>locum</span> <span class='ocrx_word' id='word_1_151' title='bbox 1651 743 1755 798; x_wconf 75' lang='lat' dir='ltr'>scilicet</span> 
     </span>
     <span class='ocr_line' id='line_1_21' title="bbox 967 833 1753 904; baseline 0.001 -17"><span class='ocrx_word' id='word_1_152' title='bbox 967 849 1045 903; x_wconf 84' lang='lat' dir='ltr'>quern</span> <span class='ocrx_word' id='word_1_153' title='bbox 1061 834 1214 904; x_wconf 80' lang='lat' dir='ltr'>delegerant</span> <span class='ocrx_word' id='word_1_154' title='bbox 1230 834 1386 888; x_wconf 87' lang='lat' dir='ltr'>adversarii.</span> <span class='ocrx_word' id='word_1_155' title='bbox 1404 834 1541 888; x_wconf 79' lang='lat' dir='ltr'>Evitantes</span> <span class='ocrx_word' id='word_1_156' title='bbox 1566 833 1645 903; x_wconf 88' lang='lat' dir='ltr'>igitur</span> <span class='ocrx_word' id='word_1_157' title='bbox 1669 835 1753 889; x_wconf 90' lang='lat' dir='ltr'>nostri</span> 
     </span>
     <span class='ocr_line' id='line_1_22' title="bbox 968 924 1754 993; baseline 0 -15"><span class='ocrx_word' id='word_1_158' title='bbox 968 924 1167 982; x_wconf 80' lang='lat' dir='ltr'>vociferationis</span> <span class='ocrx_word' id='word_1_159' title='bbox 1191 925 1334 988; x_wconf 89' lang='lat' dir='ltr'>tumultus,</span> <span class='ocrx_word' id='word_1_160' title='bbox 1349 940 1383 979; x_wconf 90' lang='lat' dir='ltr'>ue</span> <span class='ocrx_word' id='word_1_161' title='bbox 1398 925 1465 980; x_wconf 88' lang='lat' dir='ltr'>iorte</span> <span class='ocrx_word' id='word_1_162' title='bbox 1480 924 1649 993; x_wconf 91' lang='lat' dir='ltr'>postmodum</span> <span class='ocrx_word' id='word_1_163' title='bbox 1663 924 1754 978; x_wconf 77' lang='lat' dir='ltr'>Ariani</span> 
     </span>
     <span class='ocr_line' id='line_1_23' title="bbox 967 1016 1754 1086; baseline -0.004 -16"><span class='ocrx_word' id='word_1_164' title='bbox 967 1016 1101 1078; x_wconf 85' lang='lat' dir='ltr'>dicerent,</span> <span class='ocrx_word' id='word_1_165' title='bbox 1118 1016 1188 1086; x_wconf 92' lang='lat' dir='ltr'>quod</span> <span class='ocrx_word' id='word_1_166' title='bbox 1200 1030 1247 1070; x_wconf 90' lang='lat' dir='ltr'>eos</span> <span class='ocrx_word' id='word_1_167' title='bbox 1258 1026 1409 1069; x_wconf 87' lang='lat' dir='ltr'>nostrorum</span> <span class='ocrx_word' id='word_1_168' title='bbox 1425 1016 1589 1084; x_wconf 78' lang='lat' dir='ltr'>oppresserit</span> <span class='ocrx_word' id='word_1_169' title='bbox 1602 1017 1754 1080; x_wconf 91' lang='lat' dir='ltr'>multitudn,</span> 
     </span>
     <span class='ocr_line' id='line_1_24' title="bbox 968 1108 1756 1178; baseline 0 -15"><span class='ocrx_word' id='word_1_170' title='bbox 968 1108 1088 1177; x_wconf 89' lang='lat' dir='ltr'>deligunt</span> <span class='ocrx_word' id='word_1_171' title='bbox 1100 1109 1134 1162; x_wconf 93' lang='lat' dir='ltr'>de</span> <span class='ocrx_word' id='word_1_172' title='bbox 1155 1122 1185 1163; x_wconf 90' lang='lat' dir='ltr'>sc</span> <span class='ocrx_word' id='word_1_173' title='bbox 1204 1109 1286 1163; x_wconf 85' lang='lat' dir='ltr'>nostri</span> <span class='ocrx_word' id='word_1_174' title='bbox 1303 1108 1347 1176; x_wconf 92' lang='lat' dir='ltr'>qui</span> <span class='ocrx_word' id='word_1_175' title='bbox 1364 1124 1411 1175; x_wconf 91' lang='lat' dir='ltr'>pro</span> <span class='ocrx_word' id='word_1_176' title='bbox 1425 1109 1547 1163; x_wconf 87' lang='lat' dir='ltr'>omnibus</span> <span class='ocrx_word' id='word_1_177' title='bbox 1562 1110 1756 1178; x_wconf 85' lang='lat' dir='ltr'>responderent</span> 
     </span>
     <span class='ocr_line' id='line_1_25' title="bbox 967 1196 1755 1267; baseline 0.003 -16"><span class='ocrx_word' id='word_1_178' title='bbox 967 1196 1071 1251; x_wconf 90' lang='lat' dir='ltr'>decem.</span> <span class='ocrx_word' id='word_1_179' title='bbox 1093 1196 1213 1251; x_wconf 85' lang='lat' dir='ltr'>Collocat</span> <span class='ocrx_word' id='word_1_180' title='bbox 1239 1198 1289 1251; x_wconf 90' lang='lat' dir='ltr'>sibi</span> <span class='ocrx_word' id='word_1_181' title='bbox 1304 1198 1393 1267; x_wconf 81' lang='lat' dir='ltr'>Cprila</span> <span class='ocrx_word' id='word_1_182' title='bbox 1408 1213 1468 1251; x_wconf 90' lang='lat' dir='ltr'>cum</span> <span class='ocrx_word' id='word_1_183' title='bbox 1483 1199 1539 1252; x_wconf 91' lang='lat' dir='ltr'>suis</span> <span class='ocrx_word' id='word_1_184' title='bbox 1551 1199 1709 1254; x_wconf 84' lang='lat' dir='ltr'>satellitibus</span> <span class='ocrx_word' id='word_1_185' title='bbox 1728 1200 1755 1253; x_wconf 92' lang='lat' dir='ltr'>in</span> 
     </span>
     <span class='ocr_line' id='line_1_26' title="bbox 969 1287 1754 1362; baseline 0.005 -21"><span class='ocrx_word' id='word_1_186' title='bbox 969 1287 1028 1341; x_wconf 93' lang='lat' dir='ltr'>loco</span> <span class='ocrx_word' id='word_1_187' title='bbox 1044 1289 1151 1343; x_wconf 81' lang='lat' dir='ltr'>excelso</span> <span class='ocrx_word' id='word_1_188' title='bbox 1164 1289 1384 1358; x_wconf 87' lang='lat' dir='ltr'>superbissimum</span> <span class='ocrx_word' id='word_1_189' title='bbox 1401 1290 1527 1343; x_wconf 87' lang='lat' dir='ltr'>thronum</span> <span class='ocrx_word' id='word_1_190' title='bbox 1544 1289 1692 1345; x_wconf 86' lang='lat' dir='ltr'>astantibus</span> <span class='ocrx_word' id='word_1_191' title='bbox 1706 1290 1754 1362; x_wconf 88' lang='lat' dir='ltr'>[al.</span> 
     </span>
     <span class='ocr_line' id='line_1_27' title="bbox 969 1377 1754 1450; baseline -0.001 -16"><span class='ocrx_word' id='word_1_192' title='bbox 969 1379 1056 1450; x_wconf 84' lang='lat' dir='ltr'>trabis]</span> <span class='ocrx_word' id='word_1_193' title='bbox 1072 1379 1179 1435; x_wconf 85' lang='lat' dir='ltr'>nostris.</span> <span class='ocrx_word' id='word_1_194' title='bbox 1206 1380 1388 1448; x_wconf 88' lang='lat' dir='ltr'>Dixeruutque</span> <span class='ocrx_word' id='word_1_195' title='bbox 1415 1382 1497 1436; x_wconf 91' lang='lat' dir='ltr'>nostri</span> <span class='ocrx_word' id='word_1_196' title='bbox 1522 1381 1638 1450; x_wconf 87' lang='lat' dir='ltr'>episcopi</span> <span class='ocrx_word' id='word_1_197' title='bbox 1652 1377 1687 1432; x_wconf 69' lang='lat' dir='ltr'>:t¹</span> <span class='ocrx_word' id='word_1_198' title='bbox 1708 1380 1754 1435; x_wconf 86' lang='lat' dir='ltr'>illa</span> 
     </span>
     <span class='ocr_line' id='line_1_28' title="bbox 968 1470 1757 1540; baseline 0.001 -17"><span class='ocrx_word' id='word_1_199' title='bbox 968 1479 1207 1540; x_wconf 84' lang='lat' dir='ltr'>setnpercstgruta</span> <span class='ocrx_word' id='word_1_200' title='bbox 1220 1470 1337 1534; x_wconf 90' lang='lat' dir='ltr'>collatio,</span> <span class='ocrx_word' id='word_1_201' title='bbox 1355 1471 1397 1524; x_wconf 88' lang='lat' dir='ltr'>ubi</span> <span class='ocrx_word' id='word_1_202' title='bbox 1414 1471 1529 1539; x_wconf 87' lang='lat' dir='ltr'>superba</span> <span class='ocrx_word' id='word_1_203' title='bbox 1539 1487 1591 1525; x_wconf 91' lang='lat' dir='ltr'>non</span> <span class='ocrx_word' id='word_1_204' title='bbox 1604 1471 1757 1524; x_wconf 89' lang='lat' dir='ltr'>dominatur</span> 
     </span>
     <span class='ocr_line' id='line_1_29' title="bbox 970 1563 1756 1633; baseline -0.001 -16"><span class='ocrx_word' id='word_1_205' title='bbox 970 1563 1109 1633; x_wconf 85' lang='lat' dir='ltr'>potestatis</span> <span class='ocrx_word' id='word_1_206' title='bbox 1121 1563 1219 1627; x_wconf 87' lang='lat' dir='ltr'>elatio;</span> <span class='ocrx_word' id='word_1_207' title='bbox 1235 1564 1282 1617; x_wconf 91' lang='lat' dir='ltr'>sed</span> <span class='ocrx_word' id='word_1_208' title='bbox 1297 1578 1329 1618; x_wconf 89' lang='lat' dir='ltr'>ex</span> <span class='ocrx_word' id='word_1_209' title='bbox 1346 1578 1478 1618; x_wconf 89' lang='lat' dir='ltr'>consensu</span> <span class='ocrx_word' id='word_1_210' title='bbox 1491 1563 1626 1617; x_wconf 80' lang='lat' dir='ltr'>coirrmuni</span> <span class='ocrx_word' id='word_1_211' title='bbox 1640 1565 1756 1629; x_wconf 90' lang='lat' dir='ltr'>venitur,</span> 
     </span>
     <span class='ocr_line' id='line_1_30' title="bbox 970 1654 1755 1724; baseline -0.001 -14"><span class='ocrx_word' id='word_1_212' title='bbox 970 1665 999 1710; x_wconf 91' lang='lat' dir='ltr'>ut</span> <span class='ocrx_word' id='word_1_213' title='bbox 1021 1654 1203 1724; x_wconf 79' lang='lat' dir='ltr'>cognitoribus</span> <span class='ocrx_word' id='word_1_214' title='bbox 1226 1654 1456 1718; x_wconf 88' lang='lat' dir='ltr'>discernentibus,</span> <span class='ocrx_word' id='word_1_215' title='bbox 1473 1654 1592 1723; x_wconf 90' lang='lat' dir='ltr'>partibus</span> <span class='ocrx_word' id='word_1_216' title='bbox 1606 1656 1755 1724; x_wconf 84' lang='lat' dir='ltr'>agentibus,</span> 
     </span>
    </p>
   </div>
   <div class='ocr_carea' id='block_1_5' title="bbox 147 1715 1758 1815">
    <p class='ocr_par' dir='ltr' id='par_1_6' title="bbox 147 1715 1758 1815">
     <span class='ocr_line' id='line_1_31' title="bbox 147 1715 1758 1815; baseline 0.004 -23"><span class='ocrx_word' id='word_1_217' title='bbox 147 1749 209 1804; x_wconf 82' lang='lat' dir='ltr'>perat</span> <span class='ocrx_word' id='word_1_218' title='bbox 222 1743 319 1794; x_wconf 90' lang='lat' dir='ltr'>lumen.</span> <span class='ocrx_word' id='word_1_219' title='bbox 336 1739 378 1793; x_wconf 80' lang='lat' dir='ltr'>ru</span> <span class='ocrx_word' id='word_1_220' title='bbox 401 1749 493 1807; x_wconf 89' lang='lat' dir='ltr'>postea</span> <span class='ocrx_word' id='word_1_221' title='bbox 516 1738 685 1793; x_wconf 80' lang='lat' dir='ltr'>meutiesturn</span> <span class='ocrx_word' id='word_1_222' title='bbox 710 1740 836 1795; x_wconf 72' lang='lat' dir='ltr'>Ecclesiae</span> <span class='ocrx_word' id='word_1_223' title='bbox 860 1739 919 1793; x_wconf 93' lang='lat' dir='ltr'>uui·</span> <span class='ocrx_word' id='word_1_224' title='bbox 935 1715 955 1772; x_wconf 72' lang='lat' dir='ltr'>B</span> <span class='ocrx_word' id='word_1_225' title='bbox 971 1745 1040 1814; x_wconf 91' lang='lat' dir='ltr'>quod</span> <span class='ocrx_word' id='word_1_226' title='bbox 1059 1760 1149 1800; x_wconf 90' lang='lat' dir='ltr'>verum</span> <span class='ocrx_word' id='word_1_227' title='bbox 1174 1753 1215 1799; x_wconf 88' lang='lat' dir='ltr'>est</span> <span class='ocrx_word' id='word_1_228' title='bbox 1230 1752 1400 1813; x_wconf 86' lang='lat' dir='ltr'>agnoscatur.</span> <span class='ocrx_word' id='word_1_229' title='bbox 1416 1745 1492 1799; x_wconf 86' lang='lat' dir='ltr'>Nunc</span> <span class='ocrx_word' id='word_1_230' title='bbox 1517 1755 1604 1800; x_wconf 89' lang='lat' dir='ltr'>autem</span> <span class='ocrx_word' id='word_1_231' title='bbox 1629 1746 1690 1815; x_wconf 90' lang='lat' dir='ltr'>quis</span> <span class='ocrx_word' id='word_1_232' title='bbox 1707 1745 1758 1800; x_wconf 90' lang='lat' dir='ltr'>erit</span> 
     </span>
    </p>
   </div>
   <div class='ocr_carea' id='block_1_6' title="bbox 153 1831 922 2814">
    <p class='ocr_par' dir='ltr' id='par_1_7' title="bbox 153 1831 922 2814">
     <span class='ocr_line' id='line_1_32' title="bbox 153 1831 918 1901; baseline 0.003 -17"><span class='ocrx_word' id='word_1_233' title='bbox 153 1845 225 1884; x_wconf 83' lang='lat' dir='ltr'>tersa.</span> <span class='ocrx_word' id='word_1_234' title='bbox 238 1831 362 1886; x_wconf 86' lang='lat' dir='ltr'>Procedit</span> <span class='ocrx_word' id='word_1_235' title='bbox 375 1835 407 1884; x_wconf 82' lang='lat' dir='ltr'>ad</span> <span class='ocrx_word' id='word_1_236' title='bbox 420 1833 505 1886; x_wconf 90' lang='lat' dir='ltr'>altare</span> <span class='ocrx_word' id='word_1_237' title='bbox 520 1845 580 1886; x_wconf 90' lang='lat' dir='ltr'>cum</span> <span class='ocrx_word' id='word_1_238' title='bbox 597 1833 732 1901; x_wconf 87' lang='lat' dir='ltr'>Eugenio,</span> <span class='ocrx_word' id='word_1_239' title='bbox 753 1834 821 1887; x_wconf 89' lang='lat' dir='ltr'>sicut</span> <span class='ocrx_word' id='word_1_240' title='bbox 836 1834 918 1886; x_wconf 85' lang='lat' dir='ltr'>moris</span> 
     </span>
     <span class='ocr_line' id='line_1_33' title="bbox 156 1922 919 1991; baseline -0.003 -17"><span class='ocrx_word' id='word_1_241' title='bbox 156 1931 196 1987; x_wconf 84' lang='lat' dir='ltr'>est,</span> <span class='ocrx_word' id='word_1_242' title='bbox 209 1925 249 1991; x_wconf 90' lang='lat' dir='ltr'>qai</span> <span class='ocrx_word' id='word_1_243' title='bbox 264 1922 350 1977; x_wconf 88' lang='lat' dir='ltr'>luerat</span> <span class='ocrx_word' id='word_1_244' title='bbox 373 1936 470 1985; x_wconf 81' lang='lat' dir='ltr'>caccus,</span> <span class='ocrx_word' id='word_1_245' title='bbox 488 1935 544 1976; x_wconf 83' lang='lat' dir='ltr'>suae</span> <span class='ocrx_word' id='word_1_246' title='bbox 567 1923 661 1976; x_wconf 89' lang='lat' dir='ltr'>salutis</span> <span class='ocrx_word' id='word_1_247' title='bbox 685 1922 847 1978; x_wconf 87' lang='lat' dir='ltr'>oblationem</span> <span class='ocrx_word' id='word_1_248' title='bbox 868 1924 919 1976; x_wconf 67' lang='lat' dir='ltr'>iir-</span> 
     </span>
     <span class='ocr_line' id='line_1_34' title="bbox 158 2011 918 2082; baseline 0.001 -17"><span class='ocrx_word' id='word_1_249' title='bbox 158 2011 210 2067; x_wconf 90' lang='lat' dir='ltr'>niuo</span> <span class='ocrx_word' id='word_1_250' title='bbox 226 2011 389 2068; x_wconf 89' lang='lat' dir='ltr'>redditurus.</span> <span class='ocrx_word' id='word_1_251' title='bbox 414 2014 498 2081; x_wconf 82' lang='lat' dir='ltr'>Quum</span> <span class='ocrx_word' id='word_1_252' title='bbox 522 2012 665 2082; x_wconf 88' lang='lat' dir='ltr'>episcopus</span> <span class='ocrx_word' id='word_1_253' title='bbox 686 2012 818 2081; x_wconf 90' lang='lat' dir='ltr'>accipiens</span> <span class='ocrx_word' id='word_1_254' title='bbox 841 2013 918 2068; x_wconf 85' lang='lat' dir='ltr'>altari</span> 
     </span>
     <span class='ocr_line' id='line_1_35' title="bbox 158 2101 919 2174; baseline -0.004 -17"><span class='ocrx_word' id='word_1_255' title='bbox 158 2101 267 2171; x_wconf 79' lang='lat' dir='ltr'>inponit.</span> <span class='ocrx_word' id='word_1_256' title='bbox 283 2103 325 2158; x_wconf 79' lang='lat' dir='ltr'>Fit</span> <span class='ocrx_word' id='word_1_257' title='bbox 338 2104 476 2174; x_wconf 88' lang='lat' dir='ltr'>strepitus,</span> <span class='ocrx_word' id='word_1_258' title='bbox 491 2102 588 2173; x_wconf 83' lang='lat' dir='ltr'>gaudio</span> <span class='ocrx_word' id='word_1_259' title='bbox 603 2101 616 2141; x_wconf 73' lang='lat' dir='ltr'>b</span> <span class='ocrx_word' id='word_1_260' title='bbox 634 2114 803 2171; x_wconf 86' lang='lat' dir='ltr'>provocante,</span> <span class='ocrx_word' id='word_1_261' title='bbox 820 2103 919 2156; x_wconf 91' lang='lat' dir='ltr'>irrevo-</span> 
     </span>
     <span class='ocr_line' id='line_1_36' title="bbox 157 2196 918 2268; baseline -0.004 -18"><span class='ocrx_word' id='word_1_262' title='bbox 157 2199 226 2251; x_wconf 85' lang='lat' dir='ltr'>cabilis</span> <span class='ocrx_word' id='word_1_263' title='bbox 239 2199 407 2268; x_wconf 90' lang='lat' dir='ltr'>populorum.</span> <span class='ocrx_word' id='word_1_264' title='bbox 422 2197 517 2252; x_wconf 81' lang='lat' dir='ltr'>suitur</span> <span class='ocrx_word' id='word_1_265' title='bbox 539 2199 646 2251; x_wconf 91' lang='lat' dir='ltr'>nuntius</span> <span class='ocrx_word' id='word_1_266' title='bbox 668 2196 751 2265; x_wconf 88' lang='lat' dir='ltr'>pergit</span> <span class='ocrx_word' id='word_1_267' title='bbox 772 2197 804 2248; x_wconf 89' lang='lat' dir='ltr'>ad</span> <span class='ocrx_word' id='word_1_268' title='bbox 828 2204 918 2265; x_wconf 82' lang='lat' dir='ltr'>tyran·</span> 
     </span>
     <span class='ocr_line' id='line_1_37' title="bbox 158 2289 917 2359; baseline 0.001 -18"><span class='ocrx_word' id='word_1_269' title='bbox 158 2305 211 2342; x_wconf 92' lang='lat' dir='ltr'>num.</span> <span class='ocrx_word' id='word_1_270' title='bbox 222 2291 333 2359; x_wconf 80' lang='lat' dir='ltr'>Rapitur</span> <span class='ocrx_word' id='word_1_271' title='bbox 343 2290 429 2354; x_wconf 81' lang='lat' dir='ltr'>Felix,</span> <span class='ocrx_word' id='word_1_272' title='bbox 441 2290 584 2357; x_wconf 80' lang='lat' dir='ltr'>inquiritur</span> <span class='ocrx_word' id='word_1_273' title='bbox 595 2291 629 2344; x_wconf 85' lang='lat' dir='ltr'>alt</span> <span class='ocrx_word' id='word_1_274' title='bbox 641 2305 673 2342; x_wconf 90' lang='lat' dir='ltr'>eo</span> <span class='ocrx_word' id='word_1_275' title='bbox 687 2290 747 2358; x_wconf 91' lang='lat' dir='ltr'>quid</span> <span class='ocrx_word' id='word_1_276' title='bbox 764 2289 861 2343; x_wconf 87' lang='lat' dir='ltr'>luctum</span> <span class='ocrx_word' id='word_1_277' title='bbox 872 2291 917 2354; x_wconf 88' lang='lat' dir='ltr'>sit,</span> 
     </span>
     <span class='ocr_line' id='line_1_38' title="bbox 157 2381 918 2452; baseline 0 -18"><span class='ocrx_word' id='word_1_278' title='bbox 157 2382 361 2452; x_wconf 74' lang='lat' dir='ltr'>22quuliterque</span> <span class='ocrx_word' id='word_1_279' title='bbox 377 2385 508 2450; x_wconf 87' lang='lat' dir='ltr'>receperit</span> <span class='ocrx_word' id='word_1_280' title='bbox 522 2384 621 2436; x_wconf 90' lang='lat' dir='ltr'>lutneu.</span> <span class='ocrx_word' id='word_1_281' title='bbox 635 2381 702 2436; x_wconf 77' lang='lat' dir='ltr'>llicit</span> <span class='ocrx_word' id='word_1_282' title='bbox 715 2381 761 2435; x_wconf 92' lang='lat' dir='ltr'>ille</span> <span class='ocrx_word' id='word_1_283' title='bbox 778 2397 810 2434; x_wconf 89' lang='lat' dir='ltr'>ex</span> <span class='ocrx_word' id='word_1_284' title='bbox 824 2381 918 2435; x_wconf 88' lang='lat' dir='ltr'>urdine</span> 
     </span>
     <span class='ocr_line' id='line_1_39' title="bbox 158 2469 920 2541; baseline 0.004 -21"><span class='ocrx_word' id='word_1_285' title='bbox 158 2480 230 2538; x_wconf 81' lang='lat' dir='ltr'>tuurrt,</span> <span class='ocrx_word' id='word_1_286' title='bbox 239 2471 381 2541; x_wconf 88' lang='lat' dir='ltr'>dicuntque</span> <span class='ocrx_word' id='word_1_287' title='bbox 395 2473 555 2526; x_wconf 78' lang='lat' dir='ltr'>Asianorum</span> <span class='ocrx_word' id='word_1_288' title='bbox 568 2472 685 2539; x_wconf 83' lang='lat' dir='ltr'>episcopi</span> <span class='ocrx_word' id='word_1_289' title='bbox 698 2489 704 2522; x_wconf 94' lang='lat'>:</span> <span class='ocrx_word' id='word_1_290' title='bbox 717 2471 773 2524; x_wconf 92' lang='lat' dir='ltr'>lloc</span> <span class='ocrx_word' id='word_1_291' title='bbox 785 2469 920 2538; x_wconf 85' lang='lat' dir='ltr'>Eugenius</span> 
     </span>
     <span class='ocr_line' id='line_1_40' title="bbox 158 2562 918 2634; baseline -0.003 -17"><span class='ocrx_word' id='word_1_292' title='bbox 158 2578 192 2630; x_wconf 77' lang='lat' dir='ltr'>ter</span> <span class='ocrx_word' id='word_1_293' title='bbox 204 2566 325 2619; x_wconf 83' lang='lat' dir='ltr'>maleficia</span> <span class='ocrx_word' id='word_1_294' title='bbox 340 2563 412 2619; x_wconf 87' lang='lat' dir='ltr'>iecit.</span> <span class='ocrx_word' id='word_1_295' title='bbox 430 2565 461 2617; x_wconf 77' lang='lat' dir='ltr'>dt</span> <span class='ocrx_word' id='word_1_296' title='bbox 482 2565 543 2634; x_wconf 85' lang='lat' dir='ltr'>quia</span> <span class='ocrx_word' id='word_1_297' title='bbox 564 2564 683 2632; x_wconf 86' lang='lat' dir='ltr'>oppressi</span> <span class='ocrx_word' id='word_1_298' title='bbox 699 2562 855 2616; x_wconf 89' lang='lat' dir='ltr'>conlusioue</span> <span class='ocrx_word' id='word_1_299' title='bbox 878 2563 918 2615; x_wconf 91' lang='lat' dir='ltr'>lu-</span> 
     </span>
     <span class='ocr_line' id='line_1_41' title="bbox 158 2654 920 2726; baseline 0.004 -19"><span class='ocrx_word' id='word_1_300' title='bbox 158 2670 203 2709; x_wconf 89' lang='lat' dir='ltr'>nen</span> <span class='ocrx_word' id='word_1_301' title='bbox 214 2671 261 2710; x_wconf 91' lang='lat' dir='ltr'>uou</span> <span class='ocrx_word' id='word_1_302' title='bbox 277 2666 398 2725; x_wconf 89' lang='lat' dir='ltr'>poteraut</span> <span class='ocrx_word' id='word_1_303' title='bbox 412 2656 545 2721; x_wconf 78' lang='lat' dir='ltr'>nubilare,</span> <span class='ocrx_word' id='word_1_304' title='bbox 565 2672 597 2711; x_wconf 91' lang='lat' dir='ltr'>eo</span> <span class='ocrx_word' id='word_1_305' title='bbox 611 2656 681 2726; x_wconf 91' lang='lat' dir='ltr'>quod</span> <span class='ocrx_word' id='word_1_306' title='bbox 695 2654 771 2710; x_wconf 86' lang='lat' dir='ltr'>Felix</span> <span class='ocrx_word' id='word_1_307' title='bbox 789 2657 920 2710; x_wconf 79' lang='lat' dir='ltr'>universae</span> 
     </span>
     <span class='ocr_line' id='line_1_42' title="bbox 158 2750 922 2814; baseline 0.007 -13"><span class='ocrx_word' id='word_1_308' title='bbox 158 2751 234 2802; x_wconf 82' lang='lat' dir='ltr'>cuiun</span> <span class='ocrx_word' id='word_1_309' title='bbox 257 2750 412 2804; x_wconf 87' lang='lat' dir='ltr'>mauiiestus</span> <span class='ocrx_word' id='word_1_310' title='bbox 427 2759 498 2804; x_wconf 81' lang='lat' dir='ltr'>essct</span> <span class='ocrx_word' id='word_1_311' title='bbox 521 2760 548 2804; x_wconf 91' lang='lat' dir='ltr'>et</span> <span class='ocrx_word' id='word_1_312' title='bbox 572 2760 668 2814; x_wconf 87' lang='lat' dir='ltr'>notus;</span> <span class='ocrx_word' id='word_1_313' title='bbox 685 2759 773 2804; x_wconf 88' lang='lat' dir='ltr'>tamen</span> <span class='ocrx_word' id='word_1_314' title='bbox 794 2750 922 2806; x_wconf 89' lang='lat' dir='ltr'>volebant</span> 
     </span>
    </p>
   </div>
   <div class='ocr_carea' id='block_1_7' title="bbox 160 2843 931 2913">
    <p class='ocr_par' dir='ltr' id='par_1_8' title="bbox 160 2843 931 2913">
     <span class='ocr_line' id='line_1_43' title="bbox 160 2843 931 2913; baseline 0.008 -20"><span class='ocrx_word' id='word_1_315' title='bbox 160 2855 218 2905; x_wconf 83' lang='lat' dir='ltr'>mm,</span> <span class='ocrx_word' id='word_1_316' title='bbox 230 2844 251 2896; x_wconf 92' lang='lat' dir='ltr'>si</span> <span class='ocrx_word' id='word_1_317' title='bbox 267 2843 306 2898; x_wconf 87' lang='lat' dir='ltr'>las</span> <span class='ocrx_word' id='word_1_318' title='bbox 323 2855 405 2908; x_wconf 86' lang='lat' dir='ltr'>esset,</span> <span class='ocrx_word' id='word_1_319' title='bbox 427 2859 535 2908; x_wconf 86' lang='lat' dir='ltr'>necare,</span> <span class='ocrx_word' id='word_1_320' title='bbox 550 2844 682 2913; x_wconf 88' lang='lat' dir='ltr'>quomodo</span> <span class='ocrx_word' id='word_1_321' title='bbox 696 2845 782 2899; x_wconf 64' lang='lat' dir='ltr'>ludaei</span> <span class='ocrx_word' id='word_1_322' title='bbox 807 2846 931 2899; x_wconf 60' lang='lat' dir='ltr'>suscita-¹</span> 
     </span>
    </p>
   </div>
   <div class='ocr_carea' id='block_1_8' title="bbox 115 2931 925 3733">
    <p class='ocr_par' dir='ltr' id='par_1_9' title="bbox 115 2931 925 3733">
     <span class='ocr_line' id='line_1_44' title="bbox 161 2931 867 3004; baseline 0.016 -22"><span class='ocrx_word' id='word_1_323' title='bbox 161 2939 201 2985; x_wconf 89' lang='lat' dir='ltr'>tutu</span> <span class='ocrx_word' id='word_1_324' title='bbox 214 2931 336 2988; x_wconf 82' lang='lat' dir='ltr'>istarum</span> <span class='ocrx_word' id='word_1_325' title='bbox 351 2934 496 3003; x_wconf 87' lang='lat' dir='ltr'>cupiebant</span> <span class='ocrx_word' id='word_1_326' title='bbox 509 2935 633 2990; x_wconf 84' lang='lat' dir='ltr'>occidere</span> <span class='ocrx_word' id='word_1_327' title='bbox 647 2934 734 3004; x_wconf 81' lang='lat' dir='ltr'>(locu.</span> <span class='ocrx_word' id='word_1_328' title='bbox 749 2952 795 3000; x_wconf 81' lang='lat' dir='ltr'>su,</span> <span class='ocrx_word' id='word_1_329' title='bbox 811 2936 867 3002; x_wconf 85' lang='lat' dir='ltr'>llll.</span> 
     </span>
     <span class='ocr_line' id='line_1_45' title="bbox 185 3020 923 3096; baseline 0.004 -21"><span class='ocrx_word' id='word_1_330' title='bbox 185 3020 262 3079; x_wconf 82' lang='lat' dir='ltr'>iiiii.</span> <span class='ocrx_word' id='word_1_331' title='bbox 278 3024 364 3078; x_wconf 77' lang='lat' dir='ltr'>Ltetm</span> <span class='ocrx_word' id='word_1_332' title='bbox 379 3035 485 3096; x_wconf 75' lang='lat' dir='ltr'>martyr.</span> <span class='ocrx_word' id='word_1_333' title='bbox 500 3055 534 3065; x_wconf 95' lang='lat'><em>-</em></span> <span class='ocrx_word' id='word_1_334' title='bbox 550 3027 787 3095; x_wconf 83' lang='lat' dir='ltr'>dppropinquabat</span> <span class='ocrx_word' id='word_1_335' title='bbox 808 3026 862 3094; x_wconf 83' lang='lat' dir='ltr'>jam</span> <span class='ocrx_word' id='word_1_336' title='bbox 883 3026 923 3079; x_wconf 89' lang='lat' dir='ltr'>iu-</span> 
     </span>
     <span class='ocr_line' id='line_1_46' title="bbox 162 3115 923 3171; baseline 0.005 -4"><span class='ocrx_word' id='word_1_337' title='bbox 162 3118 217 3167; x_wconf 83' lang='lat' dir='ltr'>turus</span> <span class='ocrx_word' id='word_1_338' title='bbox 236 3115 292 3170; x_wconf 88' lang='lat' dir='ltr'>dies</span> <span class='ocrx_word' id='word_1_339' title='bbox 312 3116 358 3169; x_wconf 90' lang='lat' dir='ltr'>ille</span> <span class='ocrx_word' id='word_1_340' title='bbox 378 3115 558 3169; x_wconf 88' lang='lat' dir='ltr'>calumniosus</span> <span class='ocrx_word' id='word_1_341' title='bbox 581 3115 752 3170; x_wconf 86' lang='lat' dir='ltr'>calendarum</span> <span class='ocrx_word' id='word_1_342' title='bbox 767 3116 923 3171; x_wconf 84' lang='lat' dir='ltr'>Februaria-</span> 
     </span>
     <span class='ocr_line' id='line_1_47' title="bbox 163 3204 923 3268; baseline 0.011 -15"><span class='ocrx_word' id='word_1_343' title='bbox 163 3216 215 3268; x_wconf 85' lang='lat' dir='ltr'>ruu,</span> <span class='ocrx_word' id='word_1_344' title='bbox 234 3205 266 3259; x_wconf 91' lang='lat' dir='ltr'>ab</span> <span class='ocrx_word' id='word_1_345' title='bbox 289 3204 385 3260; x_wconf 90' lang='lat' dir='ltr'>eodem</span> <span class='ocrx_word' id='word_1_346' title='bbox 413 3212 539 3258; x_wconf 89' lang='lat' dir='ltr'>statutos.</span> <span class='ocrx_word' id='word_1_347' title='bbox 564 3205 733 3260; x_wconf 86' lang='lat' dir='ltr'>Conveniunt</span> <span class='ocrx_word' id='word_1_348' title='bbox 757 3222 810 3260; x_wconf 90' lang='lat' dir='ltr'>non</span> <span class='ocrx_word' id='word_1_349' title='bbox 838 3210 923 3261; x_wconf 89' lang='lat' dir='ltr'>solum</span> 
     </span>
     <span class='ocr_line' id='line_1_48' title="bbox 162 3293 924 3362; baseline 0.014 -20"><span class='ocrx_word' id='word_1_350' title='bbox 162 3293 268 3349; x_wconf 82' lang='lat' dir='ltr'>universae</span> <span class='ocrx_word' id='word_1_351' title='bbox 286 3294 398 3362; x_wconf 80' lang='lat' dir='ltr'>diriore,</span> <span class='ocrx_word' id='word_1_352' title='bbox 421 3297 606 3352; x_wconf 88' lang='lat' dir='ltr'>verumetiam</span> <span class='ocrx_word' id='word_1_353' title='bbox 624 3299 768 3353; x_wconf 86' lang='lat' dir='ltr'>insularum</span> <span class='ocrx_word' id='word_1_354' title='bbox 782 3300 924 3353; x_wconf 89' lang='lat' dir='ltr'>multarum</span> 
     </span>
     <span class='ocr_line' id='line_1_49' title="bbox 161 3382 923 3452; baseline 0.017 -22"><span class='ocrx_word' id='word_1_355' title='bbox 161 3382 265 3452; x_wconf 80' lang='lat' dir='ltr'>episcopi,</span> <span class='ocrx_word' id='word_1_356' title='bbox 275 3384 418 3439; x_wconf 87' lang='lat' dir='ltr'>aillictioue</span> <span class='ocrx_word' id='word_1_357' title='bbox 428 3395 455 3439; x_wconf 91' lang='lat' dir='ltr'>ct</span> <span class='ocrx_word' id='word_1_358' title='bbox 468 3401 583 3442; x_wconf 88' lang='lat' dir='ltr'>utoerore</span> <span class='ocrx_word' id='word_1_359' title='bbox 596 3389 721 3442; x_wconf 89' lang='lat' dir='ltr'>conlecti.</span> <span class='ocrx_word' id='word_1_360' title='bbox 739 3389 781 3442; x_wconf 87' lang='lat' dir='ltr'>Fit</span> <span class='ocrx_word' id='word_1_361' title='bbox 790 3389 923 3443; x_wconf 89' lang='lat' dir='ltr'>silentium</span> 
     </span>
     <span class='ocr_line' id='line_1_50' title="bbox 161 3469 924 3549; baseline 0.013 -25"><span class='ocrx_word' id='word_1_362' title='bbox 161 3469 235 3527; x_wconf 85' lang='lat' dir='ltr'>diebus</span> <span class='ocrx_word' id='word_1_363' title='bbox 247 3475 352 3541; x_wconf 78' lang='lat' dir='ltr'>multis,</span> <span class='ocrx_word' id='word_1_364' title='bbox 363 3491 502 3546; x_wconf 88' lang='lat' dir='ltr'>quousque</span> <span class='ocrx_word' id='word_1_365' title='bbox 518 3480 616 3547; x_wconf 87' lang='lat' dir='ltr'>peritos</span> <span class='ocrx_word' id='word_1_366' title='bbox 628 3495 747 3549; x_wconf 91' lang='lat' dir='ltr'>quosque</span> <span class='ocrx_word' id='word_1_367' title='bbox 761 3488 790 3534; x_wconf 89' lang='lat' dir='ltr'>et</span> <span class='ocrx_word' id='word_1_368' title='bbox 801 3480 924 3536; x_wconf 87' lang='lat' dir='ltr'>doctissi-</span> 
     </span>
     <span class='ocr_line' id='line_1_51' title="bbox 115 3567 923 3641; baseline 0.011 -27"><span class='ocrx_word' id='word_1_369' title='bbox 115 3590 120 3603; x_wconf 64' lang='grc' dir='ltr'>ι</span> <span class='ocrx_word' id='word_1_370' title='bbox 161 3567 282 3622; x_wconf 87' lang='lat' dir='ltr'>ruostircs</span> <span class='ocrx_word' id='word_1_371' title='bbox 295 3567 341 3641; x_wconf 88' lang='lat' dir='ltr'>[ai.</span> <span class='ocrx_word' id='word_1_372' title='bbox 365 3570 460 3622; x_wconf 81' lang='lat' dir='ltr'>exinde</span> <span class='ocrx_word' id='word_1_373' title='bbox 482 3572 631 3640; x_wconf 72' lang='lat' dir='ltr'>superaret]</span> <span class='ocrx_word' id='word_1_374' title='bbox 648 3572 753 3626; x_wconf 90' lang='lat' dir='ltr'>iuterim</span> <span class='ocrx_word' id='word_1_375' title='bbox 775 3585 923 3641; x_wconf 88' lang='lat' dir='ltr'>separaret,</span> 
     </span>
     <span class='ocr_line' id='line_1_52' title="bbox 159 3654 925 3733; baseline 0.013 -26"><span class='ocrx_word' id='word_1_376' title='bbox 159 3654 278 3713; x_wconf 71' lang='lat' dir='ltr'>uiumniis</span> <span class='ocrx_word' id='word_1_377' title='bbox 296 3659 424 3730; x_wconf 89' lang='lat' dir='ltr'>appositis</span> <span class='ocrx_word' id='word_1_378' title='bbox 444 3663 605 3715; x_wconf 74' lang='lat' dir='ltr'>enecandos.</span> <span class='ocrx_word' id='word_1_379' title='bbox 624 3662 689 3716; x_wconf 75' lang='lat' dir='ltr'>datu</span> <span class='ocrx_word' id='word_1_380' title='bbox 713 3679 793 3718; x_wconf 91' lang='lat' dir='ltr'>uuum</span> <span class='ocrx_word' id='word_1_381' title='bbox 808 3678 841 3717; x_wconf 84' lang='lat' dir='ltr'>ex</span> <span class='ocrx_word' id='word_1_382' title='bbox 867 3665 925 3733; x_wconf 91' lang='lat' dir='ltr'>ipso</span> 
     </span>
    </p>
   </div>
   <div class='ocr_carea' id='block_1_9' title="bbox 147 3860 927 4349">
    <p class='ocr_par' dir='ltr' id='par_1_10' title="bbox 153 3860 927 4069">
     <span class='ocr_line' id='line_1_53' title="bbox 186 3860 927 3918; baseline 0.003 -4"><span class='ocrx_word' id='word_1_383' title='bbox 186 3867 197 3895; x_wconf 88' lang='lat'><strong>¹</strong></span> <span class='ocrx_word' id='word_1_384' title='bbox 213 3860 348 3916; x_wconf 81' lang='lat' dir='ltr'>Lericlrius</span> <span class='ocrx_word' id='word_1_385' title='bbox 360 3861 400 3916; x_wconf 88' lang='lat' dir='ltr'>sic</span> <span class='ocrx_word' id='word_1_386' title='bbox 416 3862 494 3916; x_wconf 88' lang='lat' dir='ltr'>babel</span> <span class='ocrx_word' id='word_1_387' title='bbox 513 3880 519 3915; x_wconf 79' lang='lat' dir='ltr'><strong>t</strong></span> <span class='ocrx_word' id='word_1_388' title='bbox 542 3862 580 3917; x_wconf 84' lang='lat' dir='ltr'>ut</span> <span class='ocrx_word' id='word_1_389' title='bbox 593 3863 641 3915; x_wconf 90' lang='lat' dir='ltr'>ltoc</span> <span class='ocrx_word' id='word_1_390' title='bbox 666 3870 762 3916; x_wconf 88' lang='lat' dir='ltr'>tautum</span> <span class='ocrx_word' id='word_1_391' title='bbox 774 3863 927 3918; x_wconf 81' lang='lat' dir='ltr'>miraculum</span> 
     </span>
     <span class='ocr_line' id='line_1_54' title="bbox 153 3930 927 4002; baseline 0.012 -23"><span class='ocrx_word' id='word_1_392' title='bbox 153 3930 251 3999; x_wconf 75' lang='lat' dir='ltr'>soprius</span> <span class='ocrx_word' id='word_1_393' title='bbox 261 3934 395 3992; x_wconf 75' lang='lat' dir='ltr'>excitatus,</span> <span class='ocrx_word' id='word_1_394' title='bbox 406 3933 572 3998; x_wconf 86' lang='lat' dir='ltr'>comprintere</span> <span class='ocrx_word' id='word_1_395' title='bbox 587 3935 668 3986; x_wconf 83' lang='lat' dir='ltr'>cirum</span> <span class='ocrx_word' id='word_1_396' title='bbox 684 3934 727 4002; x_wconf 89' lang='lat' dir='ltr'>qui</span> <span class='ocrx_word' id='word_1_397' title='bbox 749 3946 876 4002; x_wconf 84' lang='lat' dir='ltr'>receperat</span> <span class='ocrx_word' id='word_1_398' title='bbox 886 3934 927 3988; x_wconf 90' lang='lat' dir='ltr'>lu·</span> 
     </span>
     <span class='ocr_line' id='line_1_55' title="bbox 153 3999 589 4069; baseline 0.011 -18"><span class='ocrx_word' id='word_1_399' title='bbox 153 4016 203 4052; x_wconf 77' lang='grc' dir='ltr'>ιιιιιι</span> <span class='ocrx_word' id='word_1_400' title='bbox 216 4012 349 4065; x_wconf 75' lang='lat' dir='ltr'>superum.</span> <span class='ocrx_word' id='word_1_401' title='bbox 366 3999 390 4053; x_wconf 82' lang='lat' dir='ltr'><em>F</em></span> <span class='ocrx_word' id='word_1_402' title='bbox 392 4013 409 4055; x_wconf 90' lang='grc' dir='ltr'>ιι</span> <span class='ocrx_word' id='word_1_403' title='bbox 429 4014 523 4069; x_wconf 55' lang='lat' dir='ltr'>postca,</span> <span class='ocrx_word' id='word_1_404' title='bbox 538 4013 589 4056; x_wconf 85' lang='lat' dir='ltr'>etc.</span> 
     </span>
    </p>

    <p class='ocr_par' dir='ltr' id='par_1_11' title="bbox 148 4069 925 4210">
     <span class='ocr_line' id='line_1_56' title="bbox 183 4069 925 4134; baseline 0.004 -10"><span class='ocrx_word' id='word_1_405' title='bbox 183 4069 265 4133; x_wconf 64' lang='lat' dir='ltr'>bAlii,</span> <span class='ocrx_word' id='word_1_406' title='bbox 284 4081 394 4124; x_wconf 72' lang='lat' dir='ltr'>metans</span> <span class='ocrx_word' id='word_1_407' title='bbox 412 4082 457 4126; x_wconf 90' lang='lat' dir='ltr'>aut</span> <span class='ocrx_word' id='word_1_408' title='bbox 485 4074 629 4125; x_wconf 86' lang='lat' dir='ltr'>comitante.</span> <span class='ocrx_word' id='word_1_409' title='bbox 649 4071 725 4127; x_wconf 81' lang='lat' dir='ltr'>Colb.</span> <span class='ocrx_word' id='word_1_410' title='bbox 742 4073 768 4134; x_wconf 89' lang='lat' dir='ltr'>l,</span> <span class='ocrx_word' id='word_1_411' title='bbox 789 4074 925 4127; x_wconf 79' lang='lat' dir='ltr'>mediante.</span> 
     </span>
     <span class='ocr_line' id='line_1_57' title="bbox 148 4139 887 4210; baseline 0.005 -17"><span class='ocrx_word' id='word_1_412' title='bbox 148 4139 256 4194; x_wconf 88' lang='lat' dir='ltr'>0rtltod.</span> <span class='ocrx_word' id='word_1_413' title='bbox 270 4152 297 4196; x_wconf 88' lang='lat' dir='ltr'>et</span> <span class='ocrx_word' id='word_1_414' title='bbox 309 4143 458 4205; x_wconf 83' lang='lat' dir='ltr'>Loricltius,</span> <span class='ocrx_word' id='word_1_415' title='bbox 472 4154 622 4210; x_wconf 79' lang='lat' dir='ltr'>praeorante</span> <span class='ocrx_word' id='word_1_416' title='bbox 634 4144 827 4207; x_wconf 76' lang='lat' dir='ltr'>inestimabilis,</span> <span class='ocrx_word' id='word_1_417' title='bbox 835 4157 887 4197; x_wconf 89' lang='lat' dir='ltr'>etc.</span> 
     </span>
    </p>

    <p class='ocr_par' dir='ltr' id='par_1_12' title="bbox 147 4210 924 4349">
     <span class='ocr_line' id='line_1_58' title="bbox 185 4210 924 4281; baseline 0.003 -17"><span class='ocrx_word' id='word_1_418' title='bbox 185 4221 195 4247; x_wconf 63' lang='grc' dir='ltr'>ι</span> <span class='ocrx_word' id='word_1_419' title='bbox 209 4210 255 4264; x_wconf 89' lang='lat' dir='ltr'>llic</span> <span class='ocrx_word' id='word_1_420' title='bbox 269 4213 316 4265; x_wconf 89' lang='lat' dir='ltr'>luit</span> <span class='ocrx_word' id='word_1_421' title='bbox 330 4214 469 4280; x_wconf 84' lang='lat' dir='ltr'>episcopus</span> <span class='ocrx_word' id='word_1_422' title='bbox 485 4212 639 4280; x_wconf 89' lang='lat' dir='ltr'>Neptitanus</span> <span class='ocrx_word' id='word_1_423' title='bbox 654 4214 680 4266; x_wconf 92' lang='lat' dir='ltr'>in</span> <span class='ocrx_word' id='word_1_424' title='bbox 694 4213 839 4281; x_wconf 78' lang='lat' dir='ltr'>Byzacena,</span> <span class='ocrx_word' id='word_1_425' title='bbox 854 4224 883 4267; x_wconf 93' lang='lat' dir='ltr'>ut</span> <span class='ocrx_word' id='word_1_426' title='bbox 893 4228 924 4266; x_wconf 81' lang='lat' dir='ltr'>er</span> 
     </span>
     <span class='ocr_line' id='line_1_59' title="bbox 147 4280 924 4349; baseline 0.001 -15"><span class='ocrx_word' id='word_1_427' title='bbox 147 4281 337 4349; x_wconf 76' lang='lat' dir='ltr'>ttauttspstet.</span> <span class='ocrx_word' id='word_1_428' title='bbox 363 4280 433 4335; x_wconf 91' lang='lat' dir='ltr'>idern</span> <span class='ocrx_word' id='word_1_429' title='bbox 447 4291 557 4335; x_wconf 81' lang='lat' dir='ltr'>testatur</span> <span class='ocrx_word' id='word_1_430' title='bbox 583 4283 671 4335; x_wconf 87' lang='lat' dir='ltr'>Victor</span> <span class='ocrx_word' id='word_1_431' title='bbox 685 4283 872 4337; x_wconf 85' lang='lat' dir='ltr'>Tuttnouensis</span> <span class='ocrx_word' id='word_1_432' title='bbox 899 4283 924 4336; x_wconf 93' lang='lat' dir='ltr'>iu</span> 
     </span>
    </p>
   </div>
   <div class='ocr_carea' id='block_1_10' title="bbox 146 4350 967 4433">
    <p class='ocr_par' dir='ltr' id='par_1_13' title="bbox 146 4350 967 4433">
     <span class='ocr_line' id='line_1_60' title="bbox 146 4350 967 4433; baseline 0.005 -31"><span class='ocrx_word' id='word_1_433' title='bbox 146 4351 288 4410; x_wconf 74' lang='lat' dir='ltr'>citroniro.</span> <span class='ocrx_word' id='word_1_434' title='bbox 303 4361 331 4403; x_wconf 88' lang='lat' dir='ltr'>et</span> <span class='ocrx_word' id='word_1_435' title='bbox 344 4350 459 4405; x_wconf 84' lang='lat' dir='ltr'>isidorus</span> <span class='ocrx_word' id='word_1_436' title='bbox 470 4354 494 4404; x_wconf 94' lang='lat' dir='ltr'>in</span> <span class='ocrx_word' id='word_1_437' title='bbox 517 4353 629 4405; x_wconf 89' lang='lat' dir='ltr'>ilistoria</span> <span class='ocrx_word' id='word_1_438' title='bbox 644 4353 718 4407; x_wconf 86' lang='lat' dir='ltr'>brevi</span> <span class='ocrx_word' id='word_1_439' title='bbox 735 4352 924 4417; x_wconf 79' lang='lat' dir='ltr'>iaudaiorum,</span> <span class='ocrx_word' id='word_1_440' title='bbox 941 4373 967 4433; x_wconf 71' lang='grc' dir='ltr'>Ι)</span> 
     </span>
    </p>
   </div>
   <div class='ocr_carea' id='block_1_11' title="bbox 135 4419 936 5747">
    <p class='ocr_par' dir='ltr' id='par_1_14' title="bbox 135 4419 936 5466">
     <span class='ocr_line' id='line_1_61' title="bbox 146 4419 927 4490; baseline 0.003 -16"><span class='ocrx_word' id='word_1_441' title='bbox 146 4435 199 4474; x_wconf 69' lang='grc' dir='ltr'>ιη</span> <span class='ocrx_word' id='word_1_442' title='bbox 214 4419 275 4475; x_wconf 80' lang='lat' dir='ltr'>5ttl.</span> <span class='ocrx_word' id='word_1_443' title='bbox 290 4420 352 4490; x_wconf 70' lang='lat' dir='ltr'>Ejus·</span> <span class='ocrx_word' id='word_1_444' title='bbox 365 4426 516 4475; x_wconf 71' lang='lat' dir='ltr'>mentorum</span> <span class='ocrx_word' id='word_1_445' title='bbox 535 4423 612 4475; x_wconf 89' lang='lat' dir='ltr'>simul</span> <span class='ocrx_word' id='word_1_446' title='bbox 625 4438 684 4475; x_wconf 86' lang='lat' dir='ltr'>carn</span> <span class='ocrx_word' id='word_1_447' title='bbox 697 4438 776 4490; x_wconf 85' lang='lat' dir='ltr'>supra</span> <span class='ocrx_word' id='word_1_448' title='bbox 789 4423 927 4476; x_wconf 85' lang='lat' dir='ltr'>recensitis</span> 
     </span>
     <span class='ocr_line' id='line_1_62' title="bbox 145 4490 928 4562; baseline 0.006 -20"><span class='ocrx_word' id='word_1_449' title='bbox 145 4490 344 4544; x_wconf 77' lang='lat' dir='ltr'>etmlessoribus</span> <span class='ocrx_word' id='word_1_450' title='bbox 358 4491 495 4544; x_wconf 90' lang='lat' dir='ltr'>celebrant</span> <span class='ocrx_word' id='word_1_451' title='bbox 510 4493 614 4554; x_wconf 76' lang='lat' dir='ltr'>vulgata</span> <span class='ocrx_word' id='word_1_452' title='bbox 637 4492 823 4562; x_wconf 83' lang='lat' dir='ltr'>ilartyrologiu</span> <span class='ocrx_word' id='word_1_453' title='bbox 846 4493 890 4547; x_wconf 90' lang='lat' dir='ltr'>die</span> <span class='ocrx_word' id='word_1_454' title='bbox 912 4492 928 4546; x_wconf 83' lang='lat'><strong>6</strong></span> 
     </span>
     <span class='ocr_line' id='line_1_63' title="bbox 146 4559 929 4628; baseline 0.006 -18"><span class='ocrx_word' id='word_1_455' title='bbox 146 4559 320 4628; x_wconf 68' lang='lat' dir='ltr'>Septembris.</span> <span class='ocrx_word' id='word_1_456' title='bbox 334 4560 425 4613; x_wconf 86' lang='lat' dir='ltr'>i&#39;ictor</span> <span class='ocrx_word' id='word_1_457' title='bbox 436 4573 523 4614; x_wconf 82' lang='lat' dir='ltr'>tamen</span> <span class='ocrx_word' id='word_1_458' title='bbox 539 4562 725 4615; x_wconf 89' lang='lat' dir='ltr'>Tunnoncusis</span> <span class='ocrx_word' id='word_1_459' title='bbox 746 4563 773 4615; x_wconf 94' lang='lat' dir='ltr'>in</span> <span class='ocrx_word' id='word_1_460' title='bbox 797 4561 929 4617; x_wconf 81' lang='lat' dir='ltr'>Citrotrico</span> 
     </span>
     <span class='ocr_line' id='line_1_64' title="bbox 149 4628 928 4700; baseline 0.004 -17"><span class='ocrx_word' id='word_1_461' title='bbox 149 4628 257 4683; x_wconf 83' lang='lat' dir='ltr'>laudato</span> <span class='ocrx_word' id='word_1_462' title='bbox 268 4644 328 4684; x_wconf 89' lang='lat' dir='ltr'>eum</span> <span class='ocrx_word' id='word_1_463' title='bbox 342 4629 386 4683; x_wconf 86' lang='lat' dir='ltr'>die</span> <span class='ocrx_word' id='word_1_464' title='bbox 401 4645 436 4683; x_wconf 82' lang='grc' dir='ltr'>ιιι</span> <span class='ocrx_word' id='word_1_465' title='bbox 450 4631 575 4686; x_wconf 80' lang='lat' dir='ltr'>calculas</span> <span class='ocrx_word' id='word_1_466' title='bbox 589 4633 710 4685; x_wconf 84' lang='lat' dir='ltr'>Octobris</span> <span class='ocrx_word' id='word_1_467' title='bbox 722 4631 840 4700; x_wconf 86' lang='lat' dir='ltr'>glorioso</span> <span class='ocrx_word' id='word_1_468' title='bbox 859 4647 928 4686; x_wconf 85' lang='lat' dir='ltr'>mer·</span> 
     </span>
     <span class='ocr_line' id='line_1_65' title="bbox 150 4700 930 4772; baseline 0.005 -21"><span class='ocrx_word' id='word_1_469' title='bbox 150 4700 221 4768; x_wconf 83' lang='lat' dir='ltr'>tprio</span> <span class='ocrx_word' id='word_1_470' title='bbox 233 4711 388 4753; x_wconf 89' lang='lat' dir='ltr'>coronatum</span> <span class='ocrx_word' id='word_1_471' title='bbox 417 4700 497 4753; x_wconf 90' lang='lat' dir='ltr'>luisse</span> <span class='ocrx_word' id='word_1_472' title='bbox 516 4711 665 4765; x_wconf 81' lang='lat' dir='ltr'>asseverat,</span> <span class='ocrx_word' id='word_1_473' title='bbox 686 4701 793 4756; x_wconf 80' lang='lat' dir='ltr'>Zenone</span> <span class='ocrx_word' id='word_1_474' title='bbox 811 4704 930 4772; x_wconf 78' lang='lat' dir='ltr'>Augusto</span> 
     </span>
     <span class='ocr_line' id='line_1_66' title="bbox 148 4770 928 4839; baseline 0.009 -19"><span class='ocrx_word' id='word_1_475' title='bbox 148 4770 270 4822; x_wconf 75' lang='lat' dir='ltr'>consule.</span> <span class='ocrx_word' id='word_1_476' title='bbox 287 4770 411 4838; x_wconf 82' lang='lat' dir='ltr'>Ejusdem</span> <span class='ocrx_word' id='word_1_477' title='bbox 425 4771 508 4822; x_wconf 76' lang='lat' dir='ltr'>stricti</span> <span class='ocrx_word' id='word_1_478' title='bbox 524 4772 572 4824; x_wconf 90' lang='lat' dir='ltr'>viri</span> <span class='ocrx_word' id='word_1_479' title='bbox 588 4772 753 4839; x_wconf 89' lang='lat' dir='ltr'>apparitione</span> <span class='ocrx_word' id='word_1_480' title='bbox 767 4772 865 4827; x_wconf 90' lang='lat' dir='ltr'>belluut</span> <span class='ocrx_word' id='word_1_481' title='bbox 880 4771 928 4827; x_wconf 87' lang='lat' dir='ltr'>ad·</span> 
     </span>
     <span class='ocr_line' id='line_1_67' title="bbox 148 4838 931 4910; baseline 0.004 -20"><span class='ocrx_word' id='word_1_482' title='bbox 148 4853 245 4892; x_wconf 82' lang='lat' dir='ltr'>sersus</span> <span class='ocrx_word' id='word_1_483' title='bbox 258 4838 390 4893; x_wconf 73' lang='lat' dir='ltr'>vandalos</span> <span class='ocrx_word' id='word_1_484' title='bbox 405 4854 419 4892; x_wconf 88' lang='lat' dir='ltr'>a</span> <span class='ocrx_word' id='word_1_485' title='bbox 432 4839 581 4893; x_wconf 75' lang='lat' dir='ltr'>lustiuiauo</span> <span class='ocrx_word' id='word_1_486' title='bbox 604 4842 762 4909; x_wconf 87' lang='lat' dir='ltr'>imperatore</span> <span class='ocrx_word' id='word_1_487' title='bbox 777 4852 931 4910; x_wconf 88' lang='lat' dir='ltr'>susceptum</span> 
     </span>
     <span class='ocr_line' id='line_1_68' title="bbox 148 4908 932 4978; baseline 0.003 -16"><span class='ocrx_word' id='word_1_488' title='bbox 148 4910 235 4962; x_wconf 78' lang='lat' dir='ltr'>titisse</span> <span class='ocrx_word' id='word_1_489' title='bbox 251 4909 341 4963; x_wconf 84' lang='lat' dir='ltr'>scribit</span> <span class='ocrx_word' id='word_1_490' title='bbox 356 4910 409 4978; x_wconf 80' lang='lat' dir='ltr'>jnru</span> <span class='ocrx_word' id='word_1_491' title='bbox 432 4911 552 4964; x_wconf 82' lang='lat' dir='ltr'>laudatus</span> <span class='ocrx_word' id='word_1_492' title='bbox 576 4908 702 4975; x_wconf 88' lang='lat' dir='ltr'>isidorus,</span> <span class='ocrx_word' id='word_1_493' title='bbox 729 4926 782 4965; x_wconf 83' lang='lat' dir='ltr'>tura</span> <span class='ocrx_word' id='word_1_494' title='bbox 807 4912 869 4968; x_wconf 81' lang='grc'><strong>560.</strong></span> <span class='ocrx_word' id='word_1_495' title='bbox 892 4910 932 4964; x_wconf 81' lang='lat' dir='ltr'>sd</span> 
     </span>
     <span class='ocr_line' id='line_1_69' title="bbox 147 4979 932 5048; baseline 0.004 -18"><span class='ocrx_word' id='word_1_496' title='bbox 147 4979 222 5044; x_wconf 86' lang='lat' dir='ltr'>quod</span> <span class='ocrx_word' id='word_1_497' title='bbox 232 4986 317 5032; x_wconf 84' lang='lat' dir='ltr'>iatueu</span> <span class='ocrx_word' id='word_1_498' title='bbox 328 4980 411 5033; x_wconf 71' lang='lat' dir='ltr'>luisse</span> <span class='ocrx_word' id='word_1_499' title='bbox 425 4981 559 5032; x_wconf 85' lang='lat' dir='ltr'>incitatum</span> <span class='ocrx_word' id='word_1_500' title='bbox 574 4980 802 5035; x_wconf 85' lang='lat' dir='ltr'>aditurtationiitus</span> <span class='ocrx_word' id='word_1_501' title='bbox 815 4981 932 5048; x_wconf 85' lang='lat' dir='ltr'>episcopi</span> 
     </span>
     <span class='ocr_line' id='line_1_70' title="bbox 147 5049 932 5117; baseline 0.004 -17"><span class='ocrx_word' id='word_1_502' title='bbox 147 5052 301 5114; x_wconf 74' lang='lat' dir='ltr'>rujitsdarn,</span> <span class='ocrx_word' id='word_1_503' title='bbox 315 5053 358 5117; x_wconf 92' lang='lat' dir='ltr'>qui</span> <span class='ocrx_word' id='word_1_504' title='bbox 377 5051 422 5103; x_wconf 87' lang='lat' dir='ltr'>liei</span> <span class='ocrx_word' id='word_1_505' title='bbox 439 5051 539 5101; x_wconf 83' lang='lat' dir='ltr'>rrrouitu</span> <span class='ocrx_word' id='word_1_506' title='bbox 557 5065 589 5103; x_wconf 86' lang='lat' dir='ltr'>ex</span> <span class='ocrx_word' id='word_1_507' title='bbox 610 5049 720 5104; x_wconf 88' lang='lat' dir='ltr'>Oriente</span> <span class='ocrx_word' id='word_1_508' title='bbox 742 5052 932 5106; x_wconf 80' lang='lat' dir='ltr'>Corrstautino-</span> 
     </span>
     <span class='ocr_line' id='line_1_71' title="bbox 135 5119 934 5187; baseline 0.009 -21"><span class='ocrx_word' id='word_1_509' title='bbox 135 5119 236 5185; x_wconf 65' lang='lat' dir='ltr'>polim</span> <span class='ocrx_word' id='word_1_510' title='bbox 255 5128 373 5184; x_wconf 81' lang='lat' dir='ltr'>venerat,</span> <span class='ocrx_word' id='word_1_511' title='bbox 401 5120 495 5171; x_wconf 86' lang='lat' dir='ltr'>asserit</span> <span class='ocrx_word' id='word_1_512' title='bbox 519 5119 662 5187; x_wconf 80' lang='lat' dir='ltr'>Procopius</span> <span class='ocrx_word' id='word_1_513' title='bbox 684 5120 752 5174; x_wconf 87' lang='lat' dir='ltr'>libro</span> <span class='ocrx_word' id='word_1_514' title='bbox 774 5136 781 5174; x_wconf 95' lang='lat' dir='ltr'>t</span> <span class='ocrx_word' id='word_1_515' title='bbox 806 5122 840 5175; x_wconf 92' lang='lat' dir='ltr'>de</span> <span class='ocrx_word' id='word_1_516' title='bbox 860 5120 934 5175; x_wconf 88' lang='lat' dir='ltr'>Bello</span> 
     </span>
     <span class='ocr_line' id='line_1_72' title="bbox 150 5186 933 5258; baseline 0.001 -18"><span class='ocrx_word' id='word_1_517' title='bbox 150 5186 306 5240; x_wconf 83' lang='lat' dir='ltr'>i&#39;arrdalico.</span> <span class='ocrx_word' id='word_1_518' title='bbox 323 5187 406 5241; x_wconf 90' lang='lat' dir='ltr'>Paulo</span> <span class='ocrx_word' id='word_1_519' title='bbox 419 5189 483 5241; x_wconf 87' lang='lat' dir='ltr'>inita</span> <span class='ocrx_word' id='word_1_520' title='bbox 498 5190 626 5242; x_wconf 75' lang='lat' dir='ltr'>estimans</span> <span class='ocrx_word' id='word_1_521' title='bbox 640 5190 684 5240; x_wconf 89' lang='lat' dir='ltr'>tali</span> <span class='ocrx_word' id='word_1_522' title='bbox 695 5193 808 5258; x_wconf 76' lang='lat' dir='ltr'>eucarpio</span> <span class='ocrx_word' id='word_1_523' title='bbox 820 5192 933 5243; x_wconf 78' lang='lat' dir='ltr'>timorem</span> 
     </span>
     <span class='ocr_line' id='line_1_73' title="bbox 148 5258 936 5328; baseline 0.004 -19"><span class='ocrx_word' id='word_1_524' title='bbox 148 5259 287 5320; x_wconf 83' lang='lat' dir='ltr'>iacrrtietts,</span> <span class='ocrx_word' id='word_1_525' title='bbox 301 5266 352 5311; x_wconf 82' lang='lat' dir='ltr'>etc.</span> <span class='ocrx_word' id='word_1_526' title='bbox 369 5258 445 5311; x_wconf 79' lang='lat' dir='ltr'>Colit.</span> <span class='ocrx_word' id='word_1_527' title='bbox 468 5260 493 5318; x_wconf 89' lang='lat' dir='ltr'>i,</span> <span class='ocrx_word' id='word_1_528' title='bbox 514 5259 642 5312; x_wconf 82' lang='lat' dir='ltr'>oestltuurts</span> <span class='ocrx_word' id='word_1_529' title='bbox 658 5261 725 5328; x_wconf 87' lang='lat' dir='ltr'>quod</span> <span class='ocrx_word' id='word_1_530' title='bbox 728 5298 794 5314; x_wconf 88' lang='grc'><strong>......</strong></span> <span class='ocrx_word' id='word_1_531' title='bbox 820 5263 936 5314; x_wconf 88' lang='lat' dir='ltr'>timorem</span> 
     </span>
     <span class='ocr_line' id='line_1_74' title="bbox 147 5325 935 5392; baseline -0.001 -11"><span class='ocrx_word' id='word_1_532' title='bbox 147 5329 281 5381; x_wconf 72' lang='lat' dir='ltr'>excitarat.</span> <span class='ocrx_word' id='word_1_533' title='bbox 298 5329 386 5391; x_wconf 71' lang='lat' dir='ltr'>llari„</span> <span class='ocrx_word' id='word_1_534' title='bbox 403 5326 473 5392; x_wconf 64' lang='lat' dir='ltr'>Fert..</span> <span class='ocrx_word' id='word_1_535' title='bbox 490 5325 593 5388; x_wconf 80' lang='lat' dir='ltr'>Gerar..</span> <span class='ocrx_word' id='word_1_536' title='bbox 610 5331 683 5392; x_wconf 67' lang='lat' dir='ltr'>Sur„</span> <span class='ocrx_word' id='word_1_537' title='bbox 708 5329 818 5383; x_wconf 89' lang='lat' dir='ltr'>0rlltod.</span> <span class='ocrx_word' id='word_1_538' title='bbox 840 5341 866 5383; x_wconf 92' lang='lat' dir='ltr'>et</span> <span class='ocrx_word' id='word_1_539' title='bbox 883 5331 935 5383; x_wconf 85' lang='lat' dir='ltr'>Lo·</span> 
     </span>
     <span class='ocr_line' id='line_1_75' title="bbox 148 5397 933 5466; baseline 0 -13"><span class='ocrx_word' id='word_1_540' title='bbox 148 5397 265 5458; x_wconf 77' lang='lat' dir='ltr'>aienius,</span> <span class='ocrx_word' id='word_1_541' title='bbox 275 5401 384 5464; x_wconf 75' lang='lat' dir='ltr'>qaod...</span> <span class='ocrx_word' id='word_1_542' title='bbox 398 5400 512 5450; x_wconf 85' lang='lat' dir='ltr'>timorem</span> <span class='ocrx_word' id='word_1_543' title='bbox 525 5400 646 5452; x_wconf 87' lang='lat' dir='ltr'>ittcutcret</span> <span class='ocrx_word' id='word_1_544' title='bbox 657 5400 760 5466; x_wconf 77' lang='lat' dir='ltr'>reliquia</span> <span class='ocrx_word' id='word_1_545' title='bbox 770 5409 795 5452; x_wconf 87' lang='lat' dir='ltr'>et</span> <span class='ocrx_word' id='word_1_546' title='bbox 806 5401 933 5453; x_wconf 86' lang='lat' dir='ltr'>ltcsurnut.</span> 
     </span>
    </p>

    <p class='ocr_par' dir='ltr' id='par_1_15' title="bbox 147 5466 935 5747">
     <span class='ocr_line' id='line_1_76' title="bbox 183 5466 935 5536; baseline 0.003 -17"><span class='ocrx_word' id='word_1_547' title='bbox 183 5470 200 5504; x_wconf 73' lang='lat'><strong><em>⁴</em></strong></span> <span class='ocrx_word' id='word_1_548' title='bbox 216 5468 267 5520; x_wconf 79' lang='lat' dir='ltr'>stit</span> <span class='ocrx_word' id='word_1_549' title='bbox 282 5469 390 5528; x_wconf 78' lang='lat' dir='ltr'>astent,</span> <span class='ocrx_word' id='word_1_550' title='bbox 403 5466 454 5519; x_wconf 84' lang='lat' dir='ltr'>itta</span> <span class='ocrx_word' id='word_1_551' title='bbox 464 5477 500 5520; x_wconf 87' lang='lat' dir='ltr'>esi</span> <span class='ocrx_word' id='word_1_552' title='bbox 511 5484 608 5535; x_wconf 86' lang='lat' dir='ltr'>semper</span> <span class='ocrx_word' id='word_1_553' title='bbox 619 5469 752 5521; x_wconf 84' lang='lat' dir='ltr'>tractanda</span> <span class='ocrx_word' id='word_1_554' title='bbox 766 5469 935 5536; x_wconf 62' lang='lat' dir='ltr'>incutiendi,</span> 
     </span>
     <span class='ocr_line' id='line_1_77' title="bbox 147 5537 934 5606; baseline 0.003 -15"><span class='ocrx_word' id='word_1_555' title='bbox 147 5552 201 5591; x_wconf 71' lang='lat' dir='ltr'>etc.</span> <span class='ocrx_word' id='word_1_556' title='bbox 218 5537 249 5588; x_wconf 81' lang='lat' dir='ltr'>lit</span> <span class='ocrx_word' id='word_1_557' title='bbox 261 5538 337 5601; x_wconf 85' lang='lat' dir='ltr'>inlra,</span> <span class='ocrx_word' id='word_1_558' title='bbox 346 5537 522 5604; x_wconf 69' lang='lat' dir='ltr'>capitulatus</span> <span class='ocrx_word' id='word_1_559' title='bbox 533 5540 737 5592; x_wconf 79' lang='lat' dir='ltr'>discernentibus.</span> <span class='ocrx_word' id='word_1_560' title='bbox 750 5540 857 5606; x_wconf 76' lang='lat' dir='ltr'>Aliquot</span> <span class='ocrx_word' id='word_1_561' title='bbox 871 5553 934 5593; x_wconf 87' lang='lat' dir='ltr'>trrss.</span> 
     </span>
     <span class='ocr_line' id='line_1_78' title="bbox 147 5607 935 5678; baseline -0.001 -18"><span class='ocrx_word' id='word_1_562' title='bbox 147 5622 174 5661; x_wconf 89' lang='lat' dir='ltr'>et</span> <span class='ocrx_word' id='word_1_563' title='bbox 188 5607 269 5671; x_wconf 86' lang='lat' dir='ltr'>etliti,</span> <span class='ocrx_word' id='word_1_564' title='bbox 284 5607 479 5660; x_wconf 81' lang='lat' dir='ltr'>decernentibus.</span> <span class='ocrx_word' id='word_1_565' title='bbox 498 5610 581 5662; x_wconf 85' lang='lat' dir='ltr'>Porro</span> <span class='ocrx_word' id='word_1_566' title='bbox 602 5619 753 5678; x_wconf 80' lang='lat' dir='ltr'>cogn-tores</span> <span class='ocrx_word' id='word_1_567' title='bbox 778 5609 935 5663; x_wconf 81' lang='lat' dir='ltr'>ilicebuutur</span> 
     </span>
     <span class='ocr_line' id='line_1_79' title="bbox 147 5677 935 5747; baseline 0.004 -17"><span class='ocrx_word' id='word_1_568' title='bbox 147 5679 194 5745; x_wconf 87' lang='lat' dir='ltr'>qui</span> <span class='ocrx_word' id='word_1_569' title='bbox 205 5677 429 5746; x_wconf 82' lang='lat' dir='ltr'>recognoscendis</span> <span class='ocrx_word' id='word_1_570' title='bbox 441 5678 626 5747; x_wconf 85' lang='lat' dir='ltr'>cpiscoporum</span> <span class='ocrx_word' id='word_1_571' title='bbox 637 5679 776 5736; x_wconf 84' lang='lat' dir='ltr'>sententiis</span> <span class='ocrx_word' id='word_1_572' title='bbox 787 5677 935 5734; x_wconf 88' lang='lat' dir='ltr'>corutuittc·</span> 
     </span>
    </p>
   </div>
   <div class='ocr_carea' id='block_1_12' title="bbox 968 1834 1818 2632">
    <p class='ocr_par' dir='ltr' id='par_1_16' title="bbox 968 1834 1818 2632">
     <span class='ocr_line' id='line_1_80' title="bbox 968 1834 1758 1904; baseline 0 -15"><span class='ocrx_word' id='word_1_573' title='bbox 968 1836 1101 1904; x_wconf 89' lang='lat' dir='ltr'>coguitor,</span> <span class='ocrx_word' id='word_1_574' title='bbox 1113 1835 1173 1900; x_wconf 90' lang='lat' dir='ltr'>quis</span> <span class='ocrx_word' id='word_1_575' title='bbox 1186 1836 1362 1898; x_wconf 83' lang='lat' dir='ltr'>examinator,</span> <span class='ocrx_word' id='word_1_576' title='bbox 1378 1844 1406 1888; x_wconf 93' lang='lat' dir='ltr'>ut</span> <span class='ocrx_word' id='word_1_577' title='bbox 1419 1834 1485 1888; x_wconf 80' lang='lat' dir='ltr'>libro</span> <span class='ocrx_word' id='word_1_578' title='bbox 1504 1835 1614 1903; x_wconf 70' lang='lat' dir='ltr'>justitias</span> <span class='ocrx_word' id='word_1_579' title='bbox 1628 1843 1675 1889; x_wconf 93' lang='lat' dir='ltr'>aut</span> <span class='ocrx_word' id='word_1_580' title='bbox 1688 1835 1758 1890; x_wconf 89' lang='lat' dir='ltr'>betto</span> 
     </span>
     <span class='ocr_line' id='line_1_81' title="bbox 969 1926 1758 1996; baseline 0 -15"><span class='ocrx_word' id='word_1_581' title='bbox 969 1930 1072 1996; x_wconf 84' lang='lat' dir='ltr'>prolata</span> <span class='ocrx_word' id='word_1_582' title='bbox 1094 1929 1250 1990; x_wconf 89' lang='lat' dir='ltr'>coulirmet,</span> <span class='ocrx_word' id='word_1_583' title='bbox 1265 1936 1310 1980; x_wconf 93' lang='lat' dir='ltr'>aut</span> <span class='ocrx_word' id='word_1_584' title='bbox 1335 1941 1415 1994; x_wconf 82' lang='lat' dir='ltr'>praue</span> <span class='ocrx_word' id='word_1_585' title='bbox 1430 1937 1564 1996; x_wconf 86' lang='lat' dir='ltr'>assumpta</span> <span class='ocrx_word' id='word_1_586' title='bbox 1586 1926 1708 1982; x_wconf 88' lang='lat' dir='ltr'>teleliatl</span> <span class='ocrx_word' id='word_1_587' title='bbox 1726 1926 1758 1981; x_wconf 82' lang='lat' dir='ltr'>Et</span> 
     </span>
     <span class='ocr_line' id='line_1_82' title="bbox 968 2018 1818 2089; baseline 0 -17"><span class='ocrx_word' id='word_1_588' title='bbox 968 2033 1028 2072; x_wconf 86' lang='lat' dir='ltr'>curu</span> <span class='ocrx_word' id='word_1_589' title='bbox 1044 2019 1107 2072; x_wconf 91' lang='lat' dir='ltr'>talia</span> <span class='ocrx_word' id='word_1_590' title='bbox 1123 2028 1149 2072; x_wconf 94' lang='lat' dir='ltr'>et</span> <span class='ocrx_word' id='word_1_591' title='bbox 1163 2019 1213 2071; x_wconf 91' lang='lat' dir='ltr'>alia</span> <span class='ocrx_word' id='word_1_592' title='bbox 1233 2018 1396 2083; x_wconf 88' lang='lat' dir='ltr'>dicerentur,</span> <span class='ocrx_word' id='word_1_593' title='bbox 1415 2018 1536 2073; x_wconf 87' lang='lat' dir='ltr'>notarius</span> <span class='ocrx_word' id='word_1_594' title='bbox 1559 2019 1630 2089; x_wconf 85' lang='lat' dir='ltr'>regis</span> <span class='ocrx_word' id='word_1_595' title='bbox 1644 2033 1757 2087; x_wconf 92' lang='lat' dir='ltr'>respon·</span> <span class='ocrx_word' id='word_1_596' title='bbox 1810 2030 1818 2047; x_wconf 47' lang='grc' dir='ltr'>ι</span> 
     </span>
     <span class='ocr_line' id='line_1_83' title="bbox 969 2109 1759 2181; baseline 0.001 -16"><span class='ocrx_word' id='word_1_597' title='bbox 969 2112 1032 2165; x_wconf 88' lang='lat' dir='ltr'>dit:</span> <span class='ocrx_word' id='word_1_598' title='bbox 1049 2110 1202 2164; x_wconf 85' lang='lat' dir='ltr'>Patriarclta</span> <span class='ocrx_word' id='word_1_599' title='bbox 1218 2119 1229 2146; x_wconf 67' lang='grc' dir='ltr'>ι</span> <span class='ocrx_word' id='word_1_600' title='bbox 1244 2109 1333 2181; x_wconf 79' lang='lat' dir='ltr'>Cyrila</span> <span class='ocrx_word' id='word_1_601' title='bbox 1354 2109 1430 2164; x_wconf 87' lang='lat' dir='ltr'>dixit.</span> <span class='ocrx_word' id='word_1_602' title='bbox 1447 2111 1487 2164; x_wconf 82' lang='lat' dir='ltr'>dd</span> <span class='ocrx_word' id='word_1_603' title='bbox 1511 2109 1581 2179; x_wconf 91' lang='lat' dir='ltr'>quod</span> <span class='ocrx_word' id='word_1_604' title='bbox 1604 2109 1718 2177; x_wconf 88' lang='lat' dir='ltr'>superbe</span> <span class='ocrx_word' id='word_1_605' title='bbox 1731 2121 1759 2166; x_wconf 89' lang='lat' dir='ltr'>et</span> 
     </span>
     <span class='ocr_line' id='line_1_84' title="bbox 970 2199 1759 2270; baseline -0.004 -14"><span class='ocrx_word' id='word_1_606' title='bbox 970 2201 1062 2256; x_wconf 90' lang='lat' dir='ltr'>illicite</span> <span class='ocrx_word' id='word_1_607' title='bbox 1075 2202 1125 2255; x_wconf 91' lang='lat' dir='ltr'>sibi</span> <span class='ocrx_word' id='word_1_608' title='bbox 1142 2214 1238 2254; x_wconf 87' lang='lat' dir='ltr'>nomen</span> <span class='ocrx_word' id='word_1_609' title='bbox 1258 2210 1411 2270; x_wconf 83' lang='lat' dir='ltr'>usurpatum</span> <span class='ocrx_word' id='word_1_610' title='bbox 1433 2200 1516 2254; x_wconf 78' lang='lat' dir='ltr'>nostri</span> <span class='ocrx_word' id='word_1_611' title='bbox 1539 2200 1663 2254; x_wconf 88' lang='lat' dir='ltr'>detestati</span> <span class='ocrx_word' id='word_1_612' title='bbox 1684 2199 1759 2254; x_wconf 87' lang='lat' dir='ltr'>dite·</span> 
     </span>
     <span class='ocr_line' id='line_1_85' title="bbox 970 2290 1759 2362; baseline -0.004 -15"><span class='ocrx_word' id='word_1_613' title='bbox 970 2302 1032 2347; x_wconf 85' lang='lat' dir='ltr'>rum</span> <span class='ocrx_word' id='word_1_614' title='bbox 1049 2311 1054 2345; x_wconf 81' lang='grc' dir='ltr'>ι</span> <span class='ocrx_word' id='word_1_615' title='bbox 1072 2293 1187 2362; x_wconf 87' lang='lat' dir='ltr'>Legatur</span> <span class='ocrx_word' id='word_1_616' title='bbox 1212 2293 1289 2346; x_wconf 91' lang='lat' dir='ltr'>nobis</span> <span class='ocrx_word' id='word_1_617' title='bbox 1304 2307 1355 2361; x_wconf 92' lang='lat' dir='ltr'>quo</span> <span class='ocrx_word' id='word_1_618' title='bbox 1370 2291 1535 2346; x_wconf 85' lang='lat' dir='ltr'>torrcedentc</span> <span class='ocrx_word' id='word_1_619' title='bbox 1555 2290 1624 2346; x_wconf 88' lang='lat' dir='ltr'>istud</span> <span class='ocrx_word' id='word_1_620' title='bbox 1646 2291 1696 2345; x_wconf 90' lang='lat' dir='ltr'>sibi</span> <span class='ocrx_word' id='word_1_621' title='bbox 1712 2307 1759 2344; x_wconf 93' lang='lat' dir='ltr'>no·</span> 
     </span>
     <span class='ocr_line' id='line_1_86' title="bbox 971 2381 1758 2460; baseline -0.004 -24"><span class='ocrx_word' id='word_1_622' title='bbox 971 2400 1032 2460; x_wconf 83' lang='lat' dir='ltr'>utcu</span> <span class='ocrx_word' id='word_1_623' title='bbox 1043 2384 1130 2452; x_wconf 75' lang='lat' dir='ltr'>ilyrila</span> <span class='ocrx_word' id='word_1_624' title='bbox 1144 2382 1297 2451; x_wconf 86' lang='lat' dir='ltr'>assumpsit.</span> <span class='ocrx_word' id='word_1_625' title='bbox 1315 2383 1348 2435; x_wconf 83' lang='lat' dir='ltr'>Et</span> <span class='ocrx_word' id='word_1_626' title='bbox 1358 2383 1455 2436; x_wconf 85' lang='lat' dir='ltr'>exinde</span> <span class='ocrx_word' id='word_1_627' title='bbox 1466 2381 1607 2449; x_wconf 88' lang='lat' dir='ltr'>strepitum</span> <span class='ocrx_word' id='word_1_628' title='bbox 1618 2381 1758 2434; x_wconf 87' lang='lat' dir='ltr'>concitau-</span> 
     </span>
     <span class='ocr_line' id='line_1_87' title="bbox 972 2472 1759 2542; baseline -0.001 -14"><span class='ocrx_word' id='word_1_629' title='bbox 972 2484 1030 2538; x_wconf 85' lang='lat' dir='ltr'>tes,</span> <span class='ocrx_word' id='word_1_630' title='bbox 1054 2476 1211 2528; x_wconf 89' lang='lat' dir='ltr'>calumniari</span> <span class='ocrx_word' id='word_1_631' title='bbox 1242 2474 1387 2529; x_wconf 84' lang='lat' dir='ltr'>adversarii</span> <span class='ocrx_word' id='word_1_632' title='bbox 1411 2481 1563 2542; x_wconf 83' lang='lat' dir='ltr'>coeperunt.</span> <span class='ocrx_word' id='word_1_633' title='bbox 1579 2472 1685 2540; x_wconf 83' lang='lat' dir='ltr'>thuia</span> <span class='ocrx_word' id='word_1_634' title='bbox 1709 2475 1759 2527; x_wconf 80' lang='lat' dir='ltr'>itae</span> 
     </span>
     <span class='ocr_line' id='line_1_88' title="bbox 972 2563 1757 2632; baseline -0.001 -14"><span class='ocrx_word' id='word_1_635' title='bbox 972 2566 1056 2618; x_wconf 90' lang='lat' dir='ltr'>nostri</span> <span class='ocrx_word' id='word_1_636' title='bbox 1073 2569 1202 2632; x_wconf 86' lang='lat' dir='ltr'>petierant</span> <span class='ocrx_word' id='word_1_637' title='bbox 1221 2573 1248 2617; x_wconf 90' lang='lat' dir='ltr'>ut</span> <span class='ocrx_word' id='word_1_638' title='bbox 1258 2565 1364 2629; x_wconf 84' lang='lat' dir='ltr'>saltem,</span> <span class='ocrx_word' id='word_1_639' title='bbox 1378 2567 1400 2618; x_wconf 90' lang='lat' dir='ltr'>si</span> <span class='ocrx_word' id='word_1_640' title='bbox 1423 2565 1576 2619; x_wconf 84' lang='lat' dir='ltr'>examinare</span> <span class='ocrx_word' id='word_1_641' title='bbox 1588 2577 1640 2616; x_wconf 92' lang='lat' dir='ltr'>uon</span> <span class='ocrx_word' id='word_1_642' title='bbox 1652 2563 1757 2628; x_wconf 85' lang='lat' dir='ltr'>licebat,</span> 
     </span>
    </p>
   </div>
   <div class='ocr_carea' id='block_1_13' title="bbox 972 2655 1760 2814">
    <p class='ocr_par' dir='ltr' id='par_1_17' title="bbox 972 2655 1760 2814">
     <span class='ocr_line' id='line_1_89' title="bbox 972 2655 1760 2726; baseline 0.001 -17"><span class='ocrx_word' id='word_1_643' title='bbox 972 2657 1095 2723; x_wconf 86' lang='lat' dir='ltr'>prudenti</span> <span class='ocrx_word' id='word_1_644' title='bbox 1108 2656 1269 2709; x_wconf 93' lang='lat' dir='ltr'>multitudini</span> <span class='ocrx_word' id='word_1_645' title='bbox 1285 2657 1326 2710; x_wconf 91' lang='lat' dir='ltr'>vcl</span> <span class='ocrx_word' id='word_1_646' title='bbox 1342 2667 1497 2726; x_wconf 87' lang='lat' dir='ltr'>exspectare</span> <span class='ocrx_word' id='word_1_647' title='bbox 1512 2657 1604 2710; x_wconf 89' lang='lat' dir='ltr'>liceret</span> <span class='ocrx_word' id='word_1_648' title='bbox 1616 2672 1622 2707; x_wconf 90' lang='lat'>:</span> <span class='ocrx_word' id='word_1_649' title='bbox 1632 2655 1760 2724; x_wconf 77' lang='lat' dir='ltr'>jubentur</span> 
     </span>
     <span class='ocr_line' id='line_1_90' title="bbox 973 2745 1759 2814; baseline 0 -16"><span class='ocrx_word' id='word_1_650' title='bbox 973 2746 1088 2798; x_wconf 89' lang='lat' dir='ltr'>universi</span> <span class='ocrx_word' id='word_1_651' title='bbox 1105 2745 1150 2799; x_wconf 93' lang='lat' dir='ltr'>lilii</span> <span class='ocrx_word' id='word_1_652' title='bbox 1162 2745 1301 2799; x_wconf 77' lang='lat' dir='ltr'>catholicas</span> <span class='ocrx_word' id='word_1_653' title='bbox 1311 2745 1439 2801; x_wconf 83' lang='lat' dir='ltr'>Ecclesioe</span> <span class='ocrx_word' id='word_1_654' title='bbox 1449 2746 1493 2814; x_wconf 92' lang='lat' dir='ltr'>qui</span> <span class='ocrx_word' id='word_1_655' title='bbox 1506 2745 1627 2811; x_wconf 86' lang='lat' dir='ltr'>aderaut,</span> <span class='ocrx_word' id='word_1_656' title='bbox 1640 2746 1759 2800; x_wconf 89' lang='lat' dir='ltr'>centenis</span> 
     </span>
    </p>
   </div>
   <div class='ocr_carea' id='block_1_14' title="bbox 973 2835 1762 3731">
    <p class='ocr_par' dir='ltr' id='par_1_18' title="bbox 973 2835 1762 3731">
     <span class='ocr_line' id='line_1_91' title="bbox 973 2835 1760 2907; baseline -0.001 -16"><span class='ocrx_word' id='word_1_657' title='bbox 973 2836 1087 2891; x_wconf 87' lang='lat' dir='ltr'>lustibus</span> <span class='ocrx_word' id='word_1_658' title='bbox 1101 2836 1146 2907; x_wconf 77' lang='lat' dir='ltr'>lai.</span> <span class='ocrx_word' id='word_1_659' title='bbox 1160 2835 1238 2907; x_wconf 79' lang='lat' dir='ltr'>cudi]</span> <span class='ocrx_word' id='word_1_660' title='bbox 1255 2837 1339 2891; x_wconf 90' lang='lat' dir='ltr'>tundi.</span> <span class='ocrx_word' id='word_1_661' title='bbox 1352 2837 1426 2891; x_wconf 84' lang='lat' dir='ltr'>Tunc</span> <span class='ocrx_word' id='word_1_662' title='bbox 1438 2837 1554 2891; x_wconf 86' lang='lat' dir='ltr'>clamare</span> <span class='ocrx_word' id='word_1_663' title='bbox 1568 2837 1649 2904; x_wconf 82' lang='lat' dir='ltr'>coepit</span> <span class='ocrx_word' id='word_1_664' title='bbox 1667 2836 1760 2892; x_wconf 88' lang='lat' dir='ltr'>beatus</span> 
     </span>
     <span class='ocr_line' id='line_1_92' title="bbox 973 2927 1759 2999; baseline 0.004 -19"><span class='ocrx_word' id='word_1_665' title='bbox 973 2927 1059 2998; x_wconf 63' lang='lat' dir='ltr'>lior„</span> <span class='ocrx_word' id='word_1_666' title='bbox 1077 2927 1219 2998; x_wconf 69' lang='lat' dir='ltr'>Eusebius]</span> <span class='ocrx_word' id='word_1_667' title='bbox 1242 2928 1376 2997; x_wconf 83' lang='lat' dir='ltr'>Eugenius</span> <span class='ocrx_word' id='word_1_668' title='bbox 1392 2947 1398 2980; x_wconf 91' lang='lat'>:</span> <span class='ocrx_word' id='word_1_669' title='bbox 1415 2927 1511 2982; x_wconf 81' lang='lat' dir='ltr'>Videat</span> <span class='ocrx_word' id='word_1_670' title='bbox 1522 2928 1593 2984; x_wconf 85' lang='lat' dir='ltr'>Deus</span> <span class='ocrx_word' id='word_1_671' title='bbox 1615 2931 1668 2982; x_wconf 88' lang='lat' dir='ltr'>vitu</span> <span class='ocrx_word' id='word_1_672' title='bbox 1680 2943 1759 2999; x_wconf 88' lang='lat' dir='ltr'>quatu</span> 
     </span>
     <span class='ocr_line' id='line_1_93' title="bbox 974 3020 1760 3091; baseline 0 -17"><span class='ocrx_word' id='word_1_673' title='bbox 974 3025 1098 3091; x_wconf 87' lang='lat' dir='ltr'>patimur,</span> <span class='ocrx_word' id='word_1_674' title='bbox 1129 3030 1275 3090; x_wconf 88' lang='lat' dir='ltr'>cognoscat</span> <span class='ocrx_word' id='word_1_675' title='bbox 1302 3020 1474 3074; x_wconf 87' lang='lat' dir='ltr'>aidictionenr</span> <span class='ocrx_word' id='word_1_676' title='bbox 1500 3030 1527 3076; x_wconf 92' lang='lat' dir='ltr'>et</span> <span class='ocrx_word' id='word_1_677' title='bbox 1549 3021 1760 3089; x_wconf 89' lang='lat' dir='ltr'>persecutionem</span> 
     </span>
     <span class='ocr_line' id='line_1_94' title="bbox 974 3112 1759 3183; baseline -0.003 -15"><span class='ocrx_word' id='word_1_678' title='bbox 974 3129 1052 3183; x_wconf 90' lang='lat' dir='ltr'>quam</span> <span class='ocrx_word' id='word_1_679' title='bbox 1068 3128 1082 3166; x_wconf 92' lang='lat' dir='ltr'>a</span> <span class='ocrx_word' id='word_1_680' title='bbox 1100 3112 1313 3180; x_wconf 85' lang='lat' dir='ltr'>persecutoribus</span> <span class='ocrx_word' id='word_1_681' title='bbox 1335 3112 1507 3166; x_wconf 85' lang='lat' dir='ltr'>sustinemus.</span> <span class='ocrx_word' id='word_1_682' title='bbox 1521 3112 1701 3183; x_wconf 75' lang='lat' dir='ltr'>conversique</span> <span class='ocrx_word' id='word_1_683' title='bbox 1713 3127 1759 3167; x_wconf 92' lang='lat' dir='ltr'>uo·</span> 
     </span>
     <span class='ocr_line' id='line_1_95' title="bbox 975 3202 1762 3277; baseline -0.004 -16"><span class='ocrx_word' id='word_1_684' title='bbox 975 3207 1041 3274; x_wconf 83' lang='lat' dir='ltr'>stri,</span> <span class='ocrx_word' id='word_1_685' title='bbox 1055 3205 1153 3276; x_wconf 72' lang='lat' dir='ltr'>cyrilae</span> <span class='ocrx_word' id='word_1_686' title='bbox 1172 3205 1318 3259; x_wconf 77' lang='lat' dir='ltr'>dixerunt:</span> <span class='ocrx_word' id='word_1_687' title='bbox 1334 3205 1457 3272; x_wconf 85' lang='lat' dir='ltr'>Propone</span> <span class='ocrx_word' id='word_1_688' title='bbox 1482 3204 1552 3273; x_wconf 90' lang='lat' dir='ltr'>quud</span> <span class='ocrx_word' id='word_1_689' title='bbox 1569 3204 1698 3272; x_wconf 85' lang='lat' dir='ltr'>disponis.</span> <span class='ocrx_word' id='word_1_690' title='bbox 1710 3202 1762 3277; x_wconf 79' lang='lat' dir='ltr'>Cy-</span> 
     </span>
     <span class='ocr_line' id='line_1_96' title="bbox 975 3294 1760 3369; baseline -0.005 -16"><span class='ocrx_word' id='word_1_691' title='bbox 975 3299 1024 3353; x_wconf 88' lang='lat' dir='ltr'>rilt</span> <span class='ocrx_word' id='word_1_692' title='bbox 1036 3299 1102 3352; x_wconf 81' lang='lat' dir='ltr'>dixit</span> <span class='ocrx_word' id='word_1_693' title='bbox 1117 3315 1123 3349; x_wconf 87' lang='lat'>:</span> <span class='ocrx_word' id='word_1_694' title='bbox 1140 3296 1234 3350; x_wconf 87' lang='lat' dir='ltr'>Nescio</span> <span class='ocrx_word' id='word_1_695' title='bbox 1248 3295 1340 3349; x_wconf 82' lang='lat' dir='ltr'>Latine</span> <span class='ocrx_word' id='word_1_696' title='bbox 1352 3294 1433 3367; x_wconf 83' lang='lat' dir='ltr'>[Call.</span> <span class='ocrx_word' id='word_1_697' title='bbox 1451 3298 1462 3349; x_wconf 90' lang='lat' dir='ltr'>l</span> <span class='ocrx_word' id='word_1_698' title='bbox 1479 3295 1552 3348; x_wconf 89' lang='lat' dir='ltr'>addit</span> <span class='ocrx_word' id='word_1_699' title='bbox 1565 3294 1658 3369; x_wconf 72' lang='lat' dir='ltr'>loquii.</span> <span class='ocrx_word' id='word_1_700' title='bbox 1670 3295 1760 3349; x_wconf 80' lang='lat' dir='ltr'>Nostri</span> 
     </span>
     <span class='ocr_line' id='line_1_97' title="bbox 975 3388 1760 3458; baseline -0.008 -13"><span class='ocrx_word' id='word_1_701' title='bbox 975 3391 1092 3458; x_wconf 89' lang='lat' dir='ltr'>episcopi</span> <span class='ocrx_word' id='word_1_702' title='bbox 1116 3390 1244 3444; x_wconf 91' lang='lat' dir='ltr'>dixerunt</span> <span class='ocrx_word' id='word_1_703' title='bbox 1257 3405 1262 3439; x_wconf 90' lang='lat'>:</span> <span class='ocrx_word' id='word_1_704' title='bbox 1277 3389 1387 3455; x_wconf 84' lang='lat' dir='ltr'>Semper</span> <span class='ocrx_word' id='word_1_705' title='bbox 1403 3401 1428 3442; x_wconf 90' lang='lat' dir='ltr'>te</span> <span class='ocrx_word' id='word_1_706' title='bbox 1449 3388 1541 3441; x_wconf 83' lang='lat' dir='ltr'>Latine</span> <span class='ocrx_word' id='word_1_707' title='bbox 1564 3402 1623 3442; x_wconf 85' lang='lat' dir='ltr'>esse</span> <span class='ocrx_word' id='word_1_708' title='bbox 1645 3389 1760 3442; x_wconf 89' lang='lat' dir='ltr'>locutum</span> 
     </span>
     <span class='ocr_line' id='line_1_98' title="bbox 977 3480 1762 3550; baseline -0.009 -11"><span class='ocrx_word' id='word_1_709' title='bbox 977 3485 1118 3539; x_wconf 75' lang='lat' dir='ltr'>manirera</span> <span class='ocrx_word' id='word_1_710' title='bbox 1133 3484 1269 3543; x_wconf 85' lang='lat' dir='ltr'>novimus;</span> <span class='ocrx_word' id='word_1_711' title='bbox 1282 3482 1361 3536; x_wconf 92' lang='lat' dir='ltr'>modo</span> <span class='ocrx_word' id='word_1_712' title='bbox 1376 3483 1495 3535; x_wconf 77' lang='lat' dir='ltr'>excusari</span> <span class='ocrx_word' id='word_1_713' title='bbox 1511 3496 1563 3533; x_wconf 91' lang='lat' dir='ltr'>uon</span> <span class='ocrx_word' id='word_1_714' title='bbox 1578 3480 1678 3550; x_wconf 88' lang='lat' dir='ltr'>debes,</span> <span class='ocrx_word' id='word_1_715' title='bbox 1695 3496 1762 3549; x_wconf 82' lang='lat' dir='ltr'>pra·-</span> 
     </span>
     <span class='ocr_line' id='line_1_99' title="bbox 977 3570 1762 3639; baseline -0.004 -12"><span class='ocrx_word' id='word_1_716' title='bbox 977 3574 1069 3628; x_wconf 87' lang='lat' dir='ltr'>sertim</span> <span class='ocrx_word' id='word_1_717' title='bbox 1081 3574 1141 3639; x_wconf 93' lang='lat' dir='ltr'>quia</span> <span class='ocrx_word' id='word_1_718' title='bbox 1158 3581 1184 3625; x_wconf 91' lang='lat' dir='ltr'>tu</span> <span class='ocrx_word' id='word_1_719' title='bbox 1201 3571 1279 3639; x_wconf 82' lang='lat' dir='ltr'>buius</span> <span class='ocrx_word' id='word_1_720' title='bbox 1298 3572 1335 3626; x_wconf 89' lang='lat' dir='ltr'>rei</span> <span class='ocrx_word' id='word_1_721' title='bbox 1356 3570 1507 3625; x_wconf 88' lang='lat' dir='ltr'>incendium</span> <span class='ocrx_word' id='word_1_722' title='bbox 1521 3572 1665 3625; x_wconf 88' lang='lat' dir='ltr'>suscitasti.</span> <span class='ocrx_word' id='word_1_723' title='bbox 1680 3570 1712 3625; x_wconf 86' lang='lat' dir='ltr'>Et</span> <span class='ocrx_word' id='word_1_724' title='bbox 1724 3572 1762 3624; x_wconf 93' lang='lat' dir='ltr'>vi·</span> 
     </span>
     <span class='ocr_line' id='line_1_100' title="bbox 979 3659 1762 3731; baseline -0.001 -14"><span class='ocrx_word' id='word_1_725' title='bbox 979 3663 1045 3717; x_wconf 84' lang='lat' dir='ltr'>deris</span> <span class='ocrx_word' id='word_1_726' title='bbox 1055 3661 1203 3716; x_wconf 86' lang='lat' dir='ltr'>catltulicos</span> <span class='ocrx_word' id='word_1_727' title='bbox 1219 3664 1359 3731; x_wconf 91' lang='lat' dir='ltr'>episcopos</span> <span class='ocrx_word' id='word_1_728' title='bbox 1373 3659 1405 3714; x_wconf 89' lang='lat' dir='ltr'>ad</span> <span class='ocrx_word' id='word_1_729' title='bbox 1421 3662 1572 3715; x_wconf 82' lang='lat' dir='ltr'>cortdictum</span> <span class='ocrx_word' id='word_1_730' title='bbox 1586 3676 1645 3731; x_wconf 89' lang='lat' dir='ltr'>mag</span> <span class='ocrx_word' id='word_1_731' title='bbox 1657 3678 1670 3717; x_wconf 90' lang='lat' dir='ltr'>s</span> <span class='ocrx_word' id='word_1_732' title='bbox 1683 3663 1762 3716; x_wconf 85' lang='lat' dir='ltr'>luis-c</span> 
     </span>
    </p>
   </div>
   <div class='ocr_carea' id='block_1_15' title="bbox 977 3859 1770 5679">
    <p class='ocr_par' dir='ltr' id='par_1_19' title="bbox 977 3859 1764 4418">
     <span class='ocr_line' id='line_1_101' title="bbox 977 3859 1761 3924; baseline 0 -8"><span class='ocrx_word' id='word_1_733' title='bbox 977 3862 1083 3917; x_wconf 85' lang='lat' dir='ltr'>buntur.</span> <span class='ocrx_word' id='word_1_734' title='bbox 1100 3861 1137 3916; x_wconf 88' lang='lat' dir='ltr'>lle</span> <span class='ocrx_word' id='word_1_735' title='bbox 1151 3860 1192 3914; x_wconf 90' lang='lat' dir='ltr'>bis</span> <span class='ocrx_word' id='word_1_736' title='bbox 1208 3859 1372 3924; x_wconf 81' lang='lat' dir='ltr'>dugtrstinus</span> <span class='ocrx_word' id='word_1_737' title='bbox 1391 3860 1418 3914; x_wconf 92' lang='lat' dir='ltr'>in</span> <span class='ocrx_word' id='word_1_738' title='bbox 1442 3860 1577 3915; x_wconf 84' lang='lat' dir='ltr'>breviculo</span> <span class='ocrx_word' id='word_1_739' title='bbox 1599 3860 1761 3916; x_wconf 88' lang='lat' dir='ltr'>collationis.</span> 
     </span>
     <span class='ocr_line' id='line_1_102' title="bbox 977 3929 1764 3987; baseline -0.004 0"><span class='ocrx_word' id='word_1_740' title='bbox 977 3933 1054 3987; x_wconf 86' lang='lat' dir='ltr'>Plura</span> <span class='ocrx_word' id='word_1_741' title='bbox 1067 3948 1130 3986; x_wconf 88' lang='lat' dir='ltr'>vcro</span> <span class='ocrx_word' id='word_1_742' title='bbox 1145 3930 1222 3985; x_wconf 90' lang='lat' dir='ltr'>babet</span> <span class='ocrx_word' id='word_1_743' title='bbox 1235 3931 1351 3985; x_wconf 87' lang='lat' dir='ltr'>iloriuus</span> <span class='ocrx_word' id='word_1_744' title='bbox 1362 3930 1408 3984; x_wconf 92' lang='lat' dir='ltr'>lib.</span> <span class='ocrx_word' id='word_1_745' title='bbox 1422 3946 1430 3984; x_wconf 97' lang='grc' dir='ltr'>ι</span> <span class='ocrx_word' id='word_1_746' title='bbox 1444 3931 1668 3985; x_wconf 80' lang='lat' dir='ltr'>Exercitationutn</span> <span class='ocrx_word' id='word_1_747' title='bbox 1680 3929 1764 3984; x_wconf 85' lang='lat' dir='ltr'>ecclc-</span> 
     </span>
     <span class='ocr_line' id='line_1_103' title="bbox 977 4000 1761 4070; baseline -0.005 -14"><span class='ocrx_word' id='word_1_748' title='bbox 977 4005 1051 4058; x_wconf 86' lang='lat' dir='ltr'>sinst.</span> <span class='ocrx_word' id='word_1_749' title='bbox 1068 4017 1127 4070; x_wconf 83' lang='lat' dir='ltr'>cop.</span> <span class='ocrx_word' id='word_1_750' title='bbox 1141 4001 1187 4055; x_wconf 70' lang='lat' dir='ltr'>itt.</span> <span class='ocrx_word' id='word_1_751' title='bbox 1205 4002 1302 4055; x_wconf 82' lang='lat' dir='ltr'>Eortrm</span> <span class='ocrx_word' id='word_1_752' title='bbox 1314 4002 1414 4054; x_wconf 86' lang='lat' dir='ltr'>mentio</span> <span class='ocrx_word' id='word_1_753' title='bbox 1428 4000 1527 4068; x_wconf 90' lang='lat' dir='ltr'>passim</span> <span class='ocrx_word' id='word_1_754' title='bbox 1541 4000 1568 4054; x_wconf 94' lang='lat' dir='ltr'>in</span> <span class='ocrx_word' id='word_1_755' title='bbox 1587 4001 1761 4054; x_wconf 90' lang='lat' dir='ltr'>conciliorum</span> 
     </span>
     <span class='ocr_line' id='line_1_104' title="bbox 977 4070 1761 4139; baseline -0.006 -13"><span class='ocrx_word' id='word_1_756' title='bbox 977 4075 1043 4126; x_wconf 90' lang='lat' dir='ltr'>actis</span> <span class='ocrx_word' id='word_1_757' title='bbox 1055 4074 1178 4130; x_wconf 82' lang='lat' dir='ltr'>liabetur,</span> <span class='ocrx_word' id='word_1_758' title='bbox 1192 4086 1223 4125; x_wconf 85' lang='lat' dir='ltr'>eu</span> <span class='ocrx_word' id='word_1_759' title='bbox 1237 4071 1333 4139; x_wconf 87' lang='lat' dir='ltr'>quibus</span> <span class='ocrx_word' id='word_1_760' title='bbox 1346 4070 1423 4124; x_wconf 85' lang='lat' dir='ltr'>iacile</span> <span class='ocrx_word' id='word_1_761' title='bbox 1435 4071 1522 4137; x_wconf 88' lang='lat' dir='ltr'>quivis</span> <span class='ocrx_word' id='word_1_762' title='bbox 1536 4085 1629 4123; x_wconf 90' lang='lat' dir='ltr'>eorum</span> <span class='ocrx_word' id='word_1_763' title='bbox 1644 4070 1761 4123; x_wconf 86' lang='lat' dir='ltr'>nldcium</span> 
     </span>
     <span class='ocr_line' id='line_1_105' title="bbox 977 4139 1761 4211; baseline -0.003 -17"><span class='ocrx_word' id='word_1_764' title='bbox 977 4144 1133 4207; x_wconf 83' lang='lat' dir='ltr'>dignoscere</span> <span class='ocrx_word' id='word_1_765' title='bbox 1141 4143 1195 4211; x_wconf 69' lang='grc'>73</span> <span class='ocrx_word' id='word_1_766' title='bbox 1203 4150 1298 4208; x_wconf 89' lang='lat' dir='ltr'>potest.</span> <span class='ocrx_word' id='word_1_767' title='bbox 1312 4141 1344 4194; x_wconf 83' lang='grc' dir='ltr'>Ει</span> <span class='ocrx_word' id='word_1_768' title='bbox 1353 4139 1432 4205; x_wconf 87' lang='lat' dir='ltr'>inira,</span> <span class='ocrx_word' id='word_1_769' title='bbox 1444 4140 1545 4206; x_wconf 83' lang='lat' dir='ltr'>prolata</span> <span class='ocrx_word' id='word_1_770' title='bbox 1556 4139 1697 4207; x_wconf 73' lang='lat' dir='ltr'>confirma,</span> <span class='ocrx_word' id='word_1_771' title='bbox 1708 4147 1761 4192; x_wconf 91' lang='lat' dir='ltr'>etc.</span> 
     </span>
     <span class='ocr_line' id='line_1_106' title="bbox 978 4207 1763 4279; baseline -0.009 -13"><span class='ocrx_word' id='word_1_772' title='bbox 978 4212 1035 4266; x_wconf 80' lang='lat' dir='ltr'>Ful.</span> <span class='ocrx_word' id='word_1_773' title='bbox 1049 4223 1074 4266; x_wconf 90' lang='lat' dir='ltr'>et</span> <span class='ocrx_word' id='word_1_774' title='bbox 1091 4213 1178 4272; x_wconf 70' lang='lat' dir='ltr'>llart„</span> <span class='ocrx_word' id='word_1_775' title='bbox 1195 4211 1354 4277; x_wconf 73' lang='lat' dir='ltr'>confirment,</span> <span class='ocrx_word' id='word_1_776' title='bbox 1373 4221 1418 4263; x_wconf 87' lang='lat' dir='ltr'>aut</span> <span class='ocrx_word' id='word_1_777' title='bbox 1432 4213 1524 4277; x_wconf 85' lang='lat' dir='ltr'>probra</span> <span class='ocrx_word' id='word_1_778' title='bbox 1536 4219 1667 4274; x_wconf 86' lang='lat' dir='ltr'>assurnpta</span> <span class='ocrx_word' id='word_1_779' title='bbox 1683 4207 1763 4279; x_wconf 71' lang='lat' dir='ltr'>repel-</span> 
     </span>
     <span class='ocr_line' id='line_1_107' title="bbox 981 4277 1764 4347; baseline 0 -14"><span class='ocrx_word' id='word_1_780' title='bbox 981 4282 1044 4335; x_wconf 89' lang='lat' dir='ltr'>lunt.</span> <span class='ocrx_word' id='word_1_781' title='bbox 1062 4283 1308 4347; x_wconf 81' lang='lat' dir='ltr'>Gertn.,ronpirntet</span> <span class='ocrx_word' id='word_1_782' title='bbox 1333 4291 1376 4334; x_wconf 86' lang='lat' dir='ltr'>aut</span> <span class='ocrx_word' id='word_1_783' title='bbox 1397 4280 1499 4346; x_wconf 84' lang='lat' dir='ltr'>probra,</span> <span class='ocrx_word' id='word_1_784' title='bbox 1523 4290 1575 4334; x_wconf 88' lang='lat' dir='ltr'>etc.</span> <span class='ocrx_word' id='word_1_785' title='bbox 1598 4277 1709 4334; x_wconf 91' lang='lat' dir='ltr'>0rtlrod.</span> <span class='ocrx_word' id='word_1_786' title='bbox 1737 4285 1764 4333; x_wconf 87' lang='lat' dir='ltr'>el</span> 
     </span>
     <span class='ocr_line' id='line_1_108' title="bbox 981 4350 1517 4418; baseline -0.007 -12"><span class='ocrx_word' id='word_1_787' title='bbox 981 4353 1130 4416; x_wconf 72' lang='lat' dir='ltr'>lauricium,</span> <span class='ocrx_word' id='word_1_788' title='bbox 1144 4352 1258 4418; x_wconf 83' lang='lat' dir='ltr'>intprcbc</span> <span class='ocrx_word' id='word_1_789' title='bbox 1267 4359 1397 4418; x_wconf 85' lang='lat' dir='ltr'>assumpta</span> <span class='ocrx_word' id='word_1_790' title='bbox 1407 4350 1517 4417; x_wconf 75' lang='lat' dir='ltr'>refellat.</span> 
     </span>
    </p>

    <p class='ocr_par' dir='ltr' id='par_1_20' title="bbox 980 4417 1770 5255">
     <span class='ocr_line' id='line_1_109' title="bbox 1017 4417 1765 4476; baseline -0.005 0"><span class='ocrx_word' id='word_1_791' title='bbox 1017 4432 1029 4460; x_wconf 76' lang='lat'><strong>⁰</strong></span> <span class='ocrx_word' id='word_1_792' title='bbox 1046 4423 1121 4476; x_wconf 85' lang='lat' dir='ltr'>liutto</span> <span class='ocrx_word' id='word_1_793' title='bbox 1137 4422 1222 4473; x_wconf 91' lang='lat' dir='ltr'>locum</span> <span class='ocrx_word' id='word_1_794' title='bbox 1239 4422 1401 4475; x_wconf 90' lang='lat' dir='ltr'>restituimus</span> <span class='ocrx_word' id='word_1_795' title='bbox 1415 4434 1450 4473; x_wconf 90' lang='lat' dir='ltr'>ex</span> <span class='ocrx_word' id='word_1_796' title='bbox 1465 4417 1636 4473; x_wconf 84' lang='lat' dir='ltr'>tnss.Coib.l</span> <span class='ocrx_word' id='word_1_797' title='bbox 1654 4427 1681 4473; x_wconf 91' lang='lat' dir='ltr'>et</span> <span class='ocrx_word' id='word_1_798' title='bbox 1693 4417 1765 4473; x_wconf 87' lang='lat' dir='ltr'>Port.</span> 
     </span>
     <span class='ocr_line' id='line_1_110' title="bbox 980 4487 1764 4559; baseline -0.006 -13"><span class='ocrx_word' id='word_1_799' title='bbox 980 4491 1185 4559; x_wconf 86' lang='lat' dir='ltr'>interpellarunt</span> <span class='ocrx_word' id='word_1_800' title='bbox 1198 4492 1296 4558; x_wconf 90' lang='lat' dir='ltr'>quippe</span> <span class='ocrx_word' id='word_1_801' title='bbox 1309 4488 1444 4552; x_wconf 82' lang='lat' dir='ltr'>catholici,</span> <span class='ocrx_word' id='word_1_802' title='bbox 1458 4502 1518 4541; x_wconf 91' lang='lat' dir='ltr'>curn</span> <span class='ocrx_word' id='word_1_803' title='bbox 1534 4489 1590 4541; x_wconf 83' lang='lat' dir='ltr'>ltacc</span> <span class='ocrx_word' id='word_1_804' title='bbox 1605 4491 1695 4548; x_wconf 86' lang='lat' dir='ltr'>verita,</span> <span class='ocrx_word' id='word_1_805' title='bbox 1711 4487 1764 4541; x_wconf 92' lang='lat' dir='ltr'>Pa·</span> 
     </span>
     <span class='ocr_line' id='line_1_111' title="bbox 981 4557 1766 4629; baseline 0 -15"><span class='ocrx_word' id='word_1_806' title='bbox 981 4561 1094 4615; x_wconf 87' lang='lat' dir='ltr'>triarclta</span> <span class='ocrx_word' id='word_1_807' title='bbox 1110 4559 1197 4629; x_wconf 81' lang='lat' dir='ltr'>Cprilu</span> <span class='ocrx_word' id='word_1_808' title='bbox 1220 4561 1295 4624; x_wconf 80' lang='lat' dir='ltr'>distr,</span> <span class='ocrx_word' id='word_1_809' title='bbox 1320 4558 1444 4612; x_wconf 79' lang='lat' dir='ltr'>Notarius</span> <span class='ocrx_word' id='word_1_810' title='bbox 1464 4559 1656 4621; x_wconf 88' lang='lat' dir='ltr'>pronuntiaret.</span> <span class='ocrx_word' id='word_1_811' title='bbox 1686 4557 1766 4614; x_wconf 80' lang='lat' dir='ltr'>Ferre</span> 
     </span>
     <span class='ocr_line' id='line_1_112' title="bbox 981 4625 1766 4698; baseline -0.008 -13"><span class='ocrx_word' id='word_1_812' title='bbox 981 4633 1052 4686; x_wconf 91' lang='lat' dir='ltr'>euim</span> <span class='ocrx_word' id='word_1_813' title='bbox 1072 4646 1125 4683; x_wconf 89' lang='lat' dir='ltr'>non</span> <span class='ocrx_word' id='word_1_814' title='bbox 1139 4639 1273 4698; x_wconf 77' lang='lat' dir='ltr'>poterunt,</span> <span class='ocrx_word' id='word_1_815' title='bbox 1293 4638 1319 4681; x_wconf 92' lang='lat' dir='ltr'>ut</span> <span class='ocrx_word' id='word_1_816' title='bbox 1340 4628 1385 4682; x_wconf 89' lang='lat' dir='ltr'>ille</span> <span class='ocrx_word' id='word_1_817' title='bbox 1399 4625 1514 4698; x_wconf 79' lang='lat' dir='ltr'>Cprilnut</span> <span class='ocrx_word' id='word_1_818' title='bbox 1535 4639 1701 4698; x_wconf 87' lang='lat' dir='ltr'>nuncrtparct</span> <span class='ocrx_word' id='word_1_819' title='bbox 1720 4644 1766 4696; x_wconf 84' lang='lat' dir='ltr'>pn-</span> 
     </span>
     <span class='ocr_line' id='line_1_113' title="bbox 982 4698 1765 4766; baseline -0.004 -12"><span class='ocrx_word' id='word_1_820' title='bbox 982 4701 1137 4763; x_wconf 86' lang='lat' dir='ltr'>triarcltom,</span> <span class='ocrx_word' id='word_1_821' title='bbox 1155 4698 1225 4752; x_wconf 92' lang='lat' dir='ltr'>unde</span> <span class='ocrx_word' id='word_1_822' title='bbox 1235 4700 1365 4752; x_wconf 89' lang='lat' dir='ltr'>sermonis</span> <span class='ocrx_word' id='word_1_823' title='bbox 1386 4699 1470 4766; x_wconf 91' lang='lat' dir='ltr'>ipsius</span> <span class='ocrx_word' id='word_1_824' title='bbox 1493 4698 1563 4750; x_wconf 90' lang='lat' dir='ltr'>lilurn</span> <span class='ocrx_word' id='word_1_825' title='bbox 1589 4698 1765 4766; x_wconf 85' lang='lat' dir='ltr'>interrupere.</span> 
     </span>
     <span class='ocr_line' id='line_1_114' title="bbox 983 4768 1766 4836; baseline -0.009 -10"><span class='ocrx_word' id='word_1_826' title='bbox 983 4769 1059 4826; x_wconf 80' lang='lat' dir='ltr'>Colli.</span> <span class='ocrx_word' id='word_1_827' title='bbox 1074 4770 1153 4831; x_wconf 87' lang='lat' dir='ltr'>alter,</span> <span class='ocrx_word' id='word_1_828' title='bbox 1164 4769 1297 4829; x_wconf 79' lang='lat' dir='ltr'>illicitam,</span> <span class='ocrx_word' id='word_1_829' title='bbox 1312 4768 1508 4830; x_wconf 66' lang='lat' dir='ltr'>distimulo..</span> <span class='ocrx_word' id='word_1_830' title='bbox 1524 4776 1552 4822; x_wconf 93' lang='lat' dir='ltr'>et</span> <span class='ocrx_word' id='word_1_831' title='bbox 1565 4769 1653 4836; x_wconf 83' lang='lat' dir='ltr'>Rigu,</span> <span class='ocrx_word' id='word_1_832' title='bbox 1668 4770 1766 4821; x_wconf 79' lang='lat' dir='ltr'>omissa</span> 
     </span>
     <span class='ocr_line' id='line_1_115' title="bbox 983 4837 1768 4909; baseline -0.003 -15"><span class='ocrx_word' id='word_1_833' title='bbox 983 4856 1034 4894; x_wconf 87' lang='lat' dir='ltr'>una</span> <span class='ocrx_word' id='word_1_834' title='bbox 1051 4842 1130 4894; x_wconf 85' lang='lat' dir='ltr'>linea.</span> <span class='ocrx_word' id='word_1_835' title='bbox 1147 4837 1233 4907; x_wconf 79' lang='lat' dir='ltr'>Cprila</span> <span class='ocrx_word' id='word_1_836' title='bbox 1245 4839 1326 4891; x_wconf 77' lang='lat' dir='ltr'>diris:</span> <span class='ocrx_word' id='word_1_837' title='bbox 1346 4837 1465 4909; x_wconf 81' lang='lat' dir='ltr'>chatur,</span> <span class='ocrx_word' id='word_1_838' title='bbox 1495 4849 1547 4891; x_wconf 88' lang='lat' dir='ltr'>ctc.</span> <span class='ocrx_word' id='word_1_839' title='bbox 1570 4841 1655 4893; x_wconf 84' lang='lat' dir='ltr'>dliter</span> <span class='ocrx_word' id='word_1_840' title='bbox 1669 4839 1768 4893; x_wconf 85' lang='lat' dir='ltr'>ltalrent</span> 
     </span>
     <span class='ocr_line' id='line_1_116' title="bbox 983 4908 1752 4977; baseline -0.01 -11"><span class='ocrx_word' id='word_1_841' title='bbox 983 4912 1057 4977; x_wconf 76' lang='lat' dir='ltr'>Sur,</span> <span class='ocrx_word' id='word_1_842' title='bbox 1073 4909 1197 4971; x_wconf 65' lang='lat' dir='ltr'>Ortbod„</span> <span class='ocrx_word' id='word_1_843' title='bbox 1215 4908 1363 4973; x_wconf 76' lang='lat' dir='ltr'>Lorii-liius,</span> <span class='ocrx_word' id='word_1_844' title='bbox 1379 4920 1404 4962; x_wconf 92' lang='lat' dir='ltr'>ct</span> <span class='ocrx_word' id='word_1_845' title='bbox 1416 4923 1475 4961; x_wconf 90' lang='lat' dir='ltr'>cum</span> <span class='ocrx_word' id='word_1_846' title='bbox 1491 4908 1530 4960; x_wconf 85' lang='lat' dir='ltr'>eis</span> <span class='ocrx_word' id='word_1_847' title='bbox 1545 4909 1619 4962; x_wconf 74' lang='lat' dir='ltr'>lluld,</span> <span class='ocrx_word' id='word_1_848' title='bbox 1636 4910 1662 4963; x_wconf 93' lang='lat' dir='ltr'>iu</span> <span class='ocrx_word' id='word_1_849' title='bbox 1679 4910 1752 4977; x_wconf 81' lang='lat' dir='ltr'>pole</span> 
     </span>
     <span class='ocr_line' id='line_1_117' title="bbox 984 4977 1768 5049; baseline -0.001 -16"><span class='ocrx_word' id='word_1_850' title='bbox 984 4982 1115 5049; x_wconf 89' lang='lat' dir='ltr'>gouteuis,</span> <span class='ocrx_word' id='word_1_851' title='bbox 1142 4980 1253 5043; x_wconf 88' lang='lat' dir='ltr'>scilicet,</span> <span class='ocrx_word' id='word_1_852' title='bbox 1279 4978 1431 5032; x_wconf 84' lang='lat' dir='ltr'>Patriurcltn</span> <span class='ocrx_word' id='word_1_853' title='bbox 1457 4977 1543 5046; x_wconf 82' lang='lat' dir='ltr'>Cprila</span> <span class='ocrx_word' id='word_1_854' title='bbox 1573 4979 1651 5040; x_wconf 76' lang='lat' dir='ltr'>dixit,</span> <span class='ocrx_word' id='word_1_855' title='bbox 1671 4980 1768 5047; x_wconf 90' lang='lat' dir='ltr'>aliquas</span> 
     </span>
     <span class='ocr_line' id='line_1_118' title="bbox 985 5048 1769 5120; baseline -0.009 -14"><span class='ocrx_word' id='word_1_856' title='bbox 985 5060 1095 5106; x_wconf 78' lang='lat' dir='ltr'>vestrum</span> <span class='ocrx_word' id='word_1_857' title='bbox 1118 5052 1224 5120; x_wconf 83' lang='lat' dir='ltr'>sttpcrltc</span> <span class='ocrx_word' id='word_1_858' title='bbox 1247 5057 1271 5102; x_wconf 91' lang='lat' dir='ltr'>et</span> <span class='ocrx_word' id='word_1_859' title='bbox 1292 5049 1379 5101; x_wconf 86' lang='lat' dir='ltr'>illicite</span> <span class='ocrx_word' id='word_1_860' title='bbox 1399 5049 1447 5101; x_wconf 85' lang='lat' dir='ltr'>tibi</span> <span class='ocrx_word' id='word_1_861' title='bbox 1472 5064 1563 5100; x_wconf 87' lang='lat' dir='ltr'>notttcu</span> <span class='ocrx_word' id='word_1_862' title='bbox 1587 5048 1769 5101; x_wconf 75' lang='lat' dir='ltr'>catholicorum</span> 
     </span>
     <span class='ocr_line' id='line_1_119' title="bbox 986 5117 1768 5189; baseline -0.005 -15"><span class='ocrx_word' id='word_1_863' title='bbox 986 5136 1131 5189; x_wconf 87' lang='lat' dir='ltr'>usurpasse.</span> <span class='ocrx_word' id='word_1_864' title='bbox 1148 5119 1237 5172; x_wconf 75' lang='lat' dir='ltr'>Nostri</span> <span class='ocrx_word' id='word_1_865' title='bbox 1254 5120 1338 5171; x_wconf 80' lang='lat' dir='ltr'>testati</span> <span class='ocrx_word' id='word_1_866' title='bbox 1352 5119 1489 5174; x_wconf 80' lang='lat' dir='ltr'>dixerunt:</span> <span class='ocrx_word' id='word_1_867' title='bbox 1504 5117 1623 5184; x_wconf 84' lang='lat' dir='ltr'>chotur,</span> <span class='ocrx_word' id='word_1_868' title='bbox 1642 5130 1694 5172; x_wconf 86' lang='lat' dir='ltr'>cte.</span> <span class='ocrx_word' id='word_1_869' title='bbox 1718 5120 1768 5172; x_wconf 79' lang='lat' dir='ltr'>Sed</span> 
     </span>
     <span class='ocr_line' id='line_1_120' title="bbox 986 5187 1770 5255; baseline -0.01 -10"><span class='ocrx_word' id='word_1_870' title='bbox 986 5192 1012 5245; x_wconf 94' lang='lat' dir='ltr'>ui</span> <span class='ocrx_word' id='word_1_871' title='bbox 1029 5192 1116 5252; x_wconf 86' lang='lat' dir='ltr'>l&#39;allor,</span> <span class='ocrx_word' id='word_1_872' title='bbox 1134 5202 1226 5242; x_wconf 88' lang='lat' dir='ltr'>vocem</span> <span class='ocrx_word' id='word_1_873' title='bbox 1237 5187 1426 5242; x_wconf 82' lang='lat' dir='ltr'>Catlmlt&#39;corum</span> <span class='ocrx_word' id='word_1_874' title='bbox 1439 5189 1538 5255; x_wconf 89' lang='lat' dir='ltr'>absque</span> <span class='ocrx_word' id='word_1_875' title='bbox 1551 5204 1601 5240; x_wconf 94' lang='lat' dir='ltr'>tus.</span> <span class='ocrx_word' id='word_1_876' title='bbox 1614 5198 1770 5254; x_wconf 90' lang='lat' dir='ltr'>posuerunt,</span> 
     </span>
    </p>

    <p class='ocr_par' dir='ltr' id='par_1_21' title="bbox 986 5256 1769 5679">
     <span class='ocr_line' id='line_1_121' title="bbox 1006 5256 1768 5315; baseline -0.009 -2"><span class='ocrx_word' id='word_1_877' title='bbox 1006 5260 1057 5313; x_wconf 91' lang='lat' dir='ltr'>uod</span> <span class='ocrx_word' id='word_1_878' title='bbox 1072 5261 1138 5315; x_wconf 74' lang='lat' dir='ltr'>elisis</span> <span class='ocrx_word' id='word_1_879' title='bbox 1155 5274 1250 5313; x_wconf 91' lang='lat' dir='ltr'>seusus</span> <span class='ocrx_word' id='word_1_880' title='bbox 1274 5259 1408 5313; x_wconf 82' lang='lat' dir='ltr'>videretur</span> <span class='ocrx_word' id='word_1_881' title='bbox 1432 5259 1472 5310; x_wconf 91' lang='lat' dir='ltr'>cis</span> <span class='ocrx_word' id='word_1_882' title='bbox 1494 5271 1554 5311; x_wconf 87' lang='lat' dir='ltr'>csso</span> <span class='ocrx_word' id='word_1_883' title='bbox 1578 5258 1676 5312; x_wconf 90' lang='lat' dir='ltr'>nullut.</span> <span class='ocrx_word' id='word_1_884' title='bbox 1704 5256 1768 5309; x_wconf 86' lang='lat' dir='ltr'>Num</span> 
     </span>
     <span class='ocr_line' id='line_1_122' title="bbox 986 5277 1769 5395; baseline -0.01 -12"><span class='ocrx_word' id='word_1_885' title='bbox 986 5277 1045 5383; x_wconf 65' lang='lat' dir='ltr'>iul.</span> <span class='ocrx_word' id='word_1_886' title='bbox 1060 5340 1087 5382; x_wconf 89' lang='lat' dir='ltr'>et</span> <span class='ocrx_word' id='word_1_887' title='bbox 1105 5327 1208 5391; x_wconf 80' lang='lat' dir='ltr'>Curru,</span> <span class='ocrx_word' id='word_1_888' title='bbox 1224 5329 1267 5395; x_wconf 90' lang='lat' dir='ltr'>qui</span> <span class='ocrx_word' id='word_1_889' title='bbox 1283 5330 1351 5381; x_wconf 73' lang='lat' dir='ltr'>lteruc</span> <span class='ocrx_word' id='word_1_890' title='bbox 1373 5327 1513 5381; x_wconf 90' lang='lat' dir='ltr'>lectiouetu</span> <span class='ocrx_word' id='word_1_891' title='bbox 1528 5326 1636 5389; x_wconf 75' lang='lat' dir='ltr'>luebant,</span> <span class='ocrx_word' id='word_1_892' title='bbox 1658 5341 1707 5391; x_wconf 87' lang='lat' dir='ltr'>pro</span> <span class='ocrx_word' id='word_1_893' title='bbox 1726 5340 1769 5375; x_wconf 88' lang='lat' dir='ltr'>ra·</span> 
     </span>
     <span class='ocr_line' id='line_1_123' title="bbox 987 5396 1768 5467; baseline -0.008 -16"><span class='ocrx_word' id='word_1_894' title='bbox 987 5399 1139 5453; x_wconf 86' lang='lat' dir='ltr'>tltolicorum</span> <span class='ocrx_word' id='word_1_895' title='bbox 1155 5397 1253 5452; x_wconf 82' lang='lat' dir='ltr'>liabent</span> <span class='ocrx_word' id='word_1_896' title='bbox 1275 5398 1438 5467; x_wconf 87' lang='lat' dir='ltr'>patriurclroe,</span> <span class='ocrx_word' id='word_1_897' title='bbox 1454 5408 1481 5451; x_wconf 87' lang='lat' dir='ltr'>et</span> <span class='ocrx_word' id='word_1_898' title='bbox 1498 5396 1574 5451; x_wconf 84' lang='lat' dir='ltr'>Coto.</span> <span class='ocrx_word' id='word_1_899' title='bbox 1596 5396 1688 5451; x_wconf 90' lang='lat' dir='ltr'>tcrtius</span> <span class='ocrx_word' id='word_1_900' title='bbox 1708 5408 1768 5446; x_wconf 89' lang='lat' dir='ltr'>cum</span> 
     </span>
     <span class='ocr_line' id='line_1_124' title="bbox 987 5465 1769 5535; baseline -0.009 -12"><span class='ocrx_word' id='word_1_901' title='bbox 987 5470 1081 5535; x_wconf 85' lang='lat' dir='ltr'>Comp.</span> <span class='ocrx_word' id='word_1_902' title='bbox 1097 5475 1227 5522; x_wconf 90' lang='lat' dir='ltr'>neutram.</span> <span class='ocrx_word' id='word_1_903' title='bbox 1247 5468 1328 5521; x_wconf 90' lang='lat' dir='ltr'>Porro</span> <span class='ocrx_word' id='word_1_904' title='bbox 1344 5467 1474 5520; x_wconf 87' lang='lat' dir='ltr'>lumiliare</span> <span class='ocrx_word' id='word_1_905' title='bbox 1489 5473 1556 5528; x_wconf 92' lang='lat' dir='ltr'>erat,</span> <span class='ocrx_word' id='word_1_906' title='bbox 1572 5475 1599 5517; x_wconf 92' lang='lat' dir='ltr'>ut</span> <span class='ocrx_word' id='word_1_907' title='bbox 1620 5465 1673 5532; x_wconf 84' lang='lat' dir='ltr'>jain</span> <span class='ocrx_word' id='word_1_908' title='bbox 1688 5478 1769 5530; x_wconf 87' lang='lat' dir='ltr'>supra</span> 
     </span>
     <span class='ocr_line' id='line_1_125' title="bbox 988 5533 1768 5605; baseline -0.009 -12"><span class='ocrx_word' id='word_1_909' title='bbox 988 5539 1198 5599; x_wconf 85' lang='lat' dir='ltr'>observavimus,</span> <span class='ocrx_word' id='word_1_910' title='bbox 1214 5536 1282 5605; x_wconf 88' lang='lat' dir='ltr'>apud</span> <span class='ocrx_word' id='word_1_911' title='bbox 1305 5536 1497 5602; x_wconf 89' lang='lat' dir='ltr'>istosaiiosque</span> <span class='ocrx_word' id='word_1_912' title='bbox 1520 5535 1656 5595; x_wconf 78' lang='lat' dir='ltr'>barisanus,</span> <span class='ocrx_word' id='word_1_913' title='bbox 1673 5533 1768 5599; x_wconf 77' lang='lat' dir='ltr'>preci·</span> 
     </span>
     <span class='ocr_line' id='line_1_126' title="bbox 990 5603 1768 5679; baseline -0.006 -17"><span class='ocrx_word' id='word_1_914' title='bbox 990 5625 1069 5679; x_wconf 87' lang='lat' dir='ltr'>putuu</span> <span class='ocrx_word' id='word_1_915' title='bbox 1082 5608 1168 5679; x_wconf 82' lang='lat' dir='ltr'>geritis</span> <span class='ocrx_word' id='word_1_916' title='bbox 1180 5621 1236 5662; x_wconf 73' lang='lat' dir='ltr'>succ</span> <span class='ocrx_word' id='word_1_917' title='bbox 1249 5607 1403 5678; x_wconf 85' lang='lat' dir='ltr'>episcopum</span> <span class='ocrx_word' id='word_1_918' title='bbox 1419 5603 1591 5676; x_wconf 84' lang='lat' dir='ltr'>patriarclrnm</span> <span class='ocrx_word' id='word_1_919' title='bbox 1606 5613 1768 5673; x_wconf 85' lang='lat' dir='ltr'>uuucoparc.</span> 
     </span>
    </p>
   </div>
   <div class='ocr_carea' id='block_1_16' title="bbox 0 0 1921 6116">
    <p class='ocr_par' dir='ltr' id='par_1_22' title="bbox 0 0 1921 6116">
     <span class='ocr_line' id='line_1_127' title="bbox 0 0 1921 6116; baseline 0 0"><span class='ocrx_word' id='word_1_920' title='bbox 0 0 1921 6116; x_wconf 95' lang='lat' dir='ltr'> </span> 
     </span>
    </p>
   </div>
  </div>
 </body>
</html>
