3788 6120
173 258 226 314 ata
333 251 339 281 ‘
363 252 366 259 ’
839 251 969 305 deuicta
988 249 1089 304 Phl'AE
1110 248 1141 303 ht
1757 245 1814 306 nid

174 366 271 422 lesbum
297 364 333 418 ita
351 361 508 429 conitthtlll,
523 359 551 417 id
567 368 609 417 esi
622 359 790 430 impudenlet
804 360 877 430 egil,
892 362 961 414 sicul
976 367 1065 423 Αὐτὸ
1085 367 1147 416 θεοῦ
1170 360 1349 431 ἀπειπαμένων
1373 356 1528 431 δυσφημιῶν,
1544 357 1588 414 τὸυ
1611 357 1684 425 Tlos,
1699 368 1809 439 Πατέρα,

174 455 239 511 vost
256 453 443 509 Verumtamen
457 463 484 507 et
494 452 521 507 in
535 451 586 508 isto
598 465 756 521 percurrens
769 450 855 504 adhuc
870 448 965 504 noritis
1016 456 1058 508 nel
1072 453 1141 525 cipro-r
1159 459 1259 524 hacope
1278 451 1408 522 liptanas,
1422 447 1671 516 acerbissimam,
1685 453 1728 506 χαὶ
1749 472 1810 507 m.

175 543 241 617 lhh,
265 539 416 613 nocentius]
436 543 612 610 ascendistis,
631 551 659 597 et
679 541 884 612 strangulandas
898 540 967 595 inia—
1016 547 1122 618 οῦοὶοαν
1132 548 1264 620 κρίνοντες,
1273 548 1318 603 τὴν
1329 541 1427 620 τριάδα
1437 541 1565 616 ὁμολόγως
1576 545 1814 621 impraesumpta

175 635 271 690 tttiasa
287 634 342 690 Deo
360 633 495 704 adicitis,
514 632 611 689 Filium
632 632 773 699 videlicut,
791 632 918 699 Pulretn,
939 640 967 689 ei
1017 638 1047 697 ἣν
1067 637 1264 704 ἐδαπτίσδομευ,
1279 638 1321 689 sat
1337 636 1504 705 πιστεύομεν,
1519 633 1756 709 ταδὸμολογοῦμιυ.
1770 642 1813 701 Τίς

175 737 296 784 sanctum
318 727 465 797 Spiritum,
487 727 734 793 sabellianizantes,
755 725 833 781 simul
853 723 967 794 conjun-
1017 722 1115 784 οδνοῦκ
1128 725 1353 802 ἁποδῦροταοτοῦς
1367 726 1585 799 οὕτωοὰοκοντας
1593 730 1653 804 trapi
1665 733 1815 804 οοῦτροοο-

176 817 408 890 gorejouteantes.
426 816 584 873 Trinitatem
599 817 723 873 conbteri
737 817 856 888 negatis,
874 817 968 886 inqua
1017 824 1073 896 pho
1085 829 1129 878 τοῦ
1145 823 1292 895 expleam
1308 817 1321 875 δ
1341 822 1396 893 ἐμοὶ
1410 822 1464 877 λίαν
1476 823 1571 899 πρίαιο
1585 824 1758 892 detinendae,
1772 826 1816 881 nl

177 910 362 980 baptizamur,
378 917 407 963 et
418 907 571 972 credimus,
586 915 614 962 et
626 907 795 964 eotrhtemtrr.
820 907 885 975 Quis
903 921 968 976 ergo
1019 915 1140 985 maniplo
1160 912 1251 969 locres
1268 915 1376 979 ἐπαξίως
1393 920 1442 969 τῶν
1460 914 1504 969 ini
1526 921 1603 971 τοῦτο
1616 913 1815 987 incohandum

178 1015 231 1057 non
244 1000 356 1055 dederet
368 999 406 1055 sio
419 998 539 1054 dicentes
550 998 584 1054 de
596 998 753 1054 intemerato
767 997 885 1067 trisagio,
897 995 968 1067 quod
1020 1006 1200 1080 ἁπλουστέρων
1235 1007 1346 1080 pogen,
1372 1016 1423 1064 rer
1451 1009 1481 1065 ,g
1510 1009 1617 1074 οπεος,
1642 1011 1677 1072 ὡς
1709 1011 1816 1073 ,οπεος

179 1091 246 1149 οοίΙιί
260 1093 337 1148 ralde
352 1091 476 1148 convenit
494 1092 630 1159 reiotsre,
653 1102 680 1148 et
693 1091 782 1148 delum
796 1093 891 1147 ttrerito
905 1092 970 1147 clare
1020 1096 1314 1174 dpepneooppnodvros.
1329 1097 1380 1161 οὓς
1400 1101 1440 1154 ναὶ
1455 1099 1600 1175 ἀλλοτρίους
1619 1101 1751 1172 ἕηοῦμιδι
1768 1109 1817 1163 τῆς

179 1186 205 1240 in
220 1185 269 1240 bos
283 1187 430 1240 animarum
445 1182 607 1253 simplicium
620 1182 799 1246 cavillatores,
813 1197 844 1238 ac
859 1182 969 1252 impium
1020 1188 1150 1264 ὀρθοδόξοο
1160 1193 1334 1251 αίοοιοςααλ
1346 1197 1392 1251 οῦς
1406 1190 1700 1256 mememoratur,
1711 1193 1756 1248 καὶ
1767 1200 1817 1254 τῆς

178 1275 426 1346 iacinttsdogentes
440 1292 447 1329 :
461 1275 681 1346 qoosetalienos
702 1273 853 1345 putarimus
872 1271 906 1327 ab
926 1287 971 1327 or·
1022 1283 1147 1342 κοινωνίας
1164 1288 1210 1336 τοῦ
1231 1283 1301 1352 ἡμῶν
1323 1281 1463 1354 ἡγουμένου
1492 1279 1590 1346 bilior
1613 1279 1741 1358 προέδρου
1767 1283 1815 1339 lli·

179 1367 364 1424 tbodoxabde
378 1367 546 1424 etcatltolics
561 1367 690 1434 Ecclesia,
710 1374 766 1422 cta
783 1364 972 1421 cummunione
1021 1393 1094 1444 apro,
1112 1380 1156 1428 sou
1178 1375 1224 1434 ,eg
1244 1374 1309 1434 alate
1329 1381 1375 1434 ,gg
1392 1373 1526 1447 βασιλῆας
1545 1377 1681 1446 nuptiate
1702 1385 1816 1451 eampse

180 1459 256 1518 ducis
281 1460 365 1515 nostri
388 1459 497 1531 gloriosi
513 1459 685 1528 praecessoris
705 1457 797 1525 Petti,
818 1455 865 1526 qui
882 1455 973 1511 clares
1022 1467 1092 1535 ήμῶν
1118 1463 1254 1539 οῑλοοότος.
1277 1466 1307 1520 οἱ
1330 1464 1358 1521 δὲ
1381 1471 1426 1521 τοῦ
1450 1459 1595 1522 ἀποστόλου
1618 1467 1731 1528 δολονπς
1754 1454 1825 1522 οἴνου

179 1553 282 1624 reguis
297 1552 542 1609 Salvulurenostrtt
558 1551 677 1622 recepit?
698 1551 849 1621 Qttiatt‘etn
866 1551 973 1621 partiei-
1023 1560 1133 1611 κοινωνοὶ
1155 1553 1258 1629 ἄγονται
1280 1559 1324 1611 καὶ
1345 1563 1377 1631 τῇ
1401 1553 1498 1630 διδαχῇ
1518 1557 1631 1620 τούτου,
1645 1556 1688 1612 τὸν
1707 1559 1821 1634 Χριστὸν

180 1661 228 1715 pes
241 1646 352 1716 aposloli
365 1660 425 1701 esse
437 1644 542 1709 voluttl,
555 1644 689 1698 ducunlur
703 1654 730 1699 et
744 1643 863 1698 doctriua
876 1644 971 1713 ipsum,
1023 1648 1139 1719 φάσκειν,
1162 1648 1205 1701 καὶ
1220 1647 1350 1701 πιστεύειν
1373 1644 1406 1702 δι’
1414 1647 1483 1718 ἡμᾶς
1502 1648 1697 1722 σταυρωθέντα,
1716 1649 1761 1701 acati
1781 1655 1817 1718 pai

180 1739 224 1805 qui
239 1736 374 1792 (hristum
390 1735 455 1792 dicit
468 1743 496 1791 et
510 1735 596 1791 eredit
614 1744 723 1804 proptor
741 1748 790 1789 nos
804 1732 970 1800 crueidtum,
987 1737 1099 1798 ῃτοῡοο
1112 1737 1324 1813 ἀπαρνήσασθαι,
1340 1737 1374 1796 ὡς
1388 1739 1432 1791 καὶ
1445 1736 1458 1792 ὁ
1473 1736 1568 1812 ἀρτίας
1582 1739 1750 1815 καθαιρομένας
1769 1741 1818 1793 nr·-

180 1840 206 1883 et
219 1829 269 1883 hoc
284 1844 337 1883 non
349 1837 438 1895 negat,
450 1827 522 1884 sieut
533 1837 561 1882 et
574 1826 653 1881 tootln
668 1825 805 1895 depositus
818 1825 923 1891 Petrus,
939 1838 973 1880 es
1023 1850 1095 1905 apos,
1110 1826 1152 1884 διὰ
1170 1830 1200 1883 τὸ
1219 1827 1358 1889 ἀλλοκότοις
1378 1830 1421 1884 sal
1443 1826 1574 1899 δυσμενῶς
1588 1829 1613 1882 ia
1633 1835 1671 1902 τῷ
1691 1832 1819 1903 rptaoepip

179 1935 213 1975 eo
226 1920 297 1990 quod
309 1935 362 1975 nun
374 1919 492 1990 legitime
502 1928 529 1974 et
543 1917 717 1973 inclementer
732 1918 759 1971 iu
772 1916 880 1987 trisagio
894 1915 974 1971 adin·
1023 1921 1327 1996 προοαοααονοτομονὲναι
1337 1918 1413 1985 τὸ,“ο
1423 1921 1579 1996 σταυρωδοὶς
1593 1918 1626 1976 δι’
1631 1922 1710 1993 ἡμᾶς·
1723 1919 1819 1984 οδδτος

180 2011 289 2068 novarit
304 2026 311 2065 τ
329 2010 380 2076 Qtti
392 2009 531 2078 crucifixus
545 2015 581 2062 cst
595 2016 698 2077 propter
712 2023 773 2072 rtos,·
784 2007 899 2062 scientes
913 2002 981 2076 quia'
1025 2011 1065 2069 ὅτι
1084 2014 1113 2067 οὐ
1128 2010 1224 2088 uptiis
1234 2018 1286 2067 τῶν
1307 2011 1456 2068 ἀποστόλων
1469 2013 1663 2087 σταυροδιῖοαυ
1678 2011 1819 2090 aspidib-

181 2100 554 2158 nonl'rinitatemerucihxam
566 2097 600 2152 ab
612 2098 738 2167 apostolis
748 2097 974 2165 suscepistis,noo
1026 2103 1080 2167 aba,
1096 2104 1125 2157 οῦ
1140 2100 1251 2178 ιιαέἑρα,
1266 2104 1295 2158 οὐ
1313 2109 1413 2175 ῦνοῦμα
1428 2102 1512 2178 ἄνοον,
1524 2107 1547 2160 ιν·
1563 2109 1599 2175 μὴ
1614 2106 1692 2180 σοροῦ
1704 2106 1748 2160 τὸν
1762 2105 1825 2162 uile

184 2198 300 2262 latrem,
314 2210 366 2251 nott
378 2193 506 2262 Spiritum
519 2202 650 2255 snttclutu,
663 2193 713 2247 uisi
727 2206 807 2248 carne
822 2191 915 2247 lilium
927 2192 975 2247 bei
1026 2199 1071 2248 τοῦ
1086 2199 1148 2248 Θεοῦ
1167 2193 1209 2249 τὸν
1231 2200 1350 2265 μονογενῆ
1367 2196 1518 2265 μουὼτοιτον.
1537 2195 1643 2265 deripere
1665 2197 1749 2251 τοίνυν
1768 2197 1825 2253 ἀπὶ

183 2287 349 2359 unigenitum
375 2286 476 2341 solnm.
503 2283 596 2352 Fugite
610 2298 675 2352 crgo
688 2282 722 2337 ab
750 2282 799 2339 hac
821 2282 975 2338 inclementi
1026 2293 1072 2345 τῆς
1086 2282 1226 2354 δυσμενοῦς
1245 2286 1336 2340 τοῦτον
1355 2289 1495 2347 κοινωνίας,
1510 2289 1553 2341 κοιλ
1571 2285 1753 2360 impiissimis
1767 2309 1822 2344 aaa·

181 2375 567 2445 commonione,eternvobis
581 2374 793 2436 communicans,
809 2375 974 2446 inquantum
1026 2376 1118 2441 νονδς,
1134 2375 1219 2431 nabin
1238 2379 1280 2430 καὶ
1300 2376 1375 2450 ὑμαῖς
1397 2379 1467 2449 ἐμοῦ.
1487 2383 1537 2432 τοῦ
1559 2375 1662 2455 δολεροῦ
1685 2381 1824 2453 φάσματος

181 2479 209 2525 οι
221 2484 268 2525 ros
279 2468 356 2536 mihi,
369 2467 461 2523 dolosa
477 2466 579 2520 lallaoia
592 2466 670 2535 longe
684 2479 700 2520 a
714 2474 803 2519 trustra
816 2464 975 2521 orthodoxia
1027 2465 1115 2546 αόρρω
1131 2469 1202 2541 ὑμῶν
1224 2476 1270 2529 τῆς
1284 2467 1427 2545 &globatim
1448 2467 1659 2532 ἐκπεποδοκὸτος.
1680 2473 1821 2538 eamear,

182 2563 303 2633 expulsa.
318 2558 465 2627 Custodite,
480 2556 579 2614 Christi
594 2557 728 2626 discipuli,
747 2557 798 2612 mei
811 2565 901 2611 autem
916 2555 974 2623 lilii,
1028 2567 1140 2636 χριστοῦ
1155 2561 1273 2630 μαθηταὶ,
1286 2560 1348 2631 ἐμοῦ
1359 2558 1385 2615 δὲ
1395 2560 1516 2625 alonem.
1528 2559 1686 2636 ποροδᾰοοις
1696 2561 1822 2639 emm.

182 2653 340 2712 traditiones
353 2667 419 2726 guas
433 2667 448 2707 a
463 2651 561 2708 divinis
573 2648 719 2721 seripturis
733 2649 884 2719 accepistis.
1027 2651 1114 2709 indari
1126 2652 1177 2707 irai
1191 2658 1241 2706 τῶν
1255 2653 1323 2706 θείων
1337 2658 1450 2727 Γραοῦο.

480 2804 494 2834 ²
515 2793 679 2852 tetstuha

217 2901 333 2946 num!
353 2903 452 2945 FELlGlS
470 2904 543 2944 esen
563 2903 592 2943 lli
619 2901 777 2943 turnultus
796 2899 939 2942 ΕΡΙὸΕΟΡϋΙ

352 2973 551 3028 cantoennensi,
572 2973 665 3013 milo
683 2972 807 3021 aduinus.

1026 2791 1082 2848 lare
1099 2791 1126 2846 in
1142 2791 1270 2856 vctitabm
1292 2804 1341 2846 nee
1355 2790 1456 2846 nostris
1469 2791 1573 2851 duabus
1590 2790 1714 2861 epistolis
1727 2806 1828 2852 aurem

1027 2883 1135 2938 voluisti
1151 2882 1332 2939 commodare.
1346 2882 1420 2938 Nunc
1433 2881 1513 2954 igitur
1526 2896 1583 2938 sum
1594 2897 1710 2941 exorsus
1724 2885 1824 2943 adver-

1028 2987 1086 3028 snnt
1112 2984 1137 3029 te
1158 2972 1278 3043 prolatrro
1299 2974 1459 3029 sententiam
1480 2973 1576 3045 (magis
1594 2985 1685 3032 autem
1700 2990 1825 3033 summus

220 3065 313 3124 Petrus
328 3069 500 3122 Antioclentn
514 3069 650 3138 deponitur
664 3075 688 3122 et
701 3067 939 3122 anatliemotiammr.
1028 3066 1154 3135 princeps
1179 3065 1362 3133 apostolorum
1378 3064 1488 3135 Petrus,
1511 3065 1555 3136 qui
1581 3068 1652 3123 inter
1666 3077 1829 3126 sanctornm

219 3159 349 3228 Quoniam
365 3157 501 3228 pestiferis
515 3159 644 3213 doctrinis
659 3159 778 3214 imbutus
795 3166 823 3215 et
843 3159 978 3229 impietate
1029 3155 1210 3225 apostolorum
1230 3155 1362 3225 praeconia
1386 3155 1519 3211 reridious
1532 3156 1597 3230 est),
1619 3168 1646 3214 et
1661 3173 1717 3215 non
1731 3160 1821 3215 solvam

185 3253 326 3309 verborum
350 3267 403 3308 non
425 3250 524 3305 curasti
549 3249 626 3320 senui
653 3249 847 3320 praeordinatos
872 3259 980 3307 sanctos
994 3235 1017 3302 C
1032 3247 1173 3304 adeersum
1189 3256 1215 3302 te
1231 3247 1287 3316 (qui
1298 3246 1356 3316 ejus
1368 3247 1498 3313 nominis,
1512 3262 1563 3302 nnn
1579 3251 1722 3304 settlettlioe
1737 3264 1828 3320 neque

186 3343 278 3399 l'atres
300 3343 343 3413 qni
363 3340 454 3397 sedem
476 3340 560 3395 beata
588 3339 727 3396 memoriae
751 3339 843 3411 lgnatil
869 3341 978 3410 gloriosi
1032 3338 1091 3395 ddei
1112 3353 1203 3407 parem
1220 3346 1245 3394 te
1262 3352 1326 3395 esse
1334 3353 1512 3408 cognoscens,
1537 3341 1664 3409 qrtoniam
1679 3340 1753 3395 ultra
1767 3357 1829 3398 nto·

186 3434 310 3504 martyris
332 3434 533 3500 ordinaverunt,
547 3449 599 3503 tpuo
623 3433 703 3491 etiam
718 3448 778 3490 cunt
793 3435 831 3490 sis
844 3434 979 3506 indignus,
1031 3432 1093 3487 dum
1103 3430 1137 3486 ab
1150 3431 1208 3501 ejtts
1219 3431 1368 3486 intentione
1379 3441 1450 3486 recta
1460 3430 1606 3486 inrtotahih
1617 3429 1671 3486 lide
1683 3433 1827 3504 deviasti),

188 3527 278 3584 nescio
300 3525 525 3597 quemadmodum
549 3525 663 3595 adeptus
685 3525 768 3582 locris
792 3526 979 3598 principatum,
1031 3525 1077 3582 sed
1096 3525 1177 3580 etiam
1190 3523 1321 3580 adversus
1334 3538 1381 3580 eos
1394 3523 1514 3595 quinon
1528 3523 1721 3581 erubescentes
1737 3524 1828 3582 Eran-

185 3631 212 3674 οι
236 3618 383 3675 οοοΙοοίλυο
407 3617 459 3672 tuis
483 3616 620 3686 prolenis,
643 3615 785 3687 impiisque
812 3616 981 3688 dogmatibus
1029 3619 1160 3689 geliorum
1180 3615 1349 3674 venerabiles
1366 3615 1552 3686 characteres,
1566 3631 1654 3688 neque
1669 3616 1769 3674 borum
1783 3632 1826 3673 se·

187 3709 287 3765 inferre
311 3708 446 3778 punireris
472 3707 597 3763 Ecclesiae
619 3707 758 3763 catholica*
773 3708 930 3775 nouitatem,
951 3717 981 3764 ut
1030 3711 1153 3782 quaciom
1174 3708 1357 3780 apostolontm
1378 3706 1619 3778 praefectorumque
1633 3707 1759 3764 virorum
1774 3707 1827 3764 du·

188 3815 241 3855 non
276 3808 386 3869 propter
409 3812 459 3853 nos
480 3797 618 3854 Christum
641 3797 798 3855 erucibrom
824 3798 908 3863 dicas,
931 3800 979 3856 sed
1030 3809 1188 3872 clerumque
1212 3813 1365 3868 sermones,
1380 3797 1544 3855 inconstanti
1565 3797 1700 3854 sententia
1727 3798 1828 3871 irriguis

189 3891 340 3955 tassionem
369 3889 527 3959 impassibili
566 3891 621 3946 beo
655 3891 822 3962 iniquissime
855 3891 982 3959 intulisti,
1031 3892 1217 3948 traditionibus
1229 3891 1282 3945 tuis
1292 3889 1458 3946 incumbunt.
1473 3888 1512 3944 lta
1527 3896 1555 3945 ut
1566 3888 1645 3945 malae
1655 3897 1740 3945 sectae
1752 3888 1827 3945 dele·

186 3993 214 4038 et
238 3983 382 4038 immortali
410 3981 515 4052 spiritui
542 3991 656 4038 monem
683 3998 819 4054 apponere
848 3999 979 4054 praesum·
1030 3983 1165 4041 stabiliter
1178 3997 1270 4038 revers
1284 3979 1656 4053 sequanmrarnaritndinem,
1669 3995 1721 4036 nec
1733 3979 1828 4051 bnjus·

187 4076 272 4142 prusti.
293 4073 348 4129 Nec
369 4074 513 4129 exterritos
527 4088 576 4138 es,
597 4087 658 4143 uuae
677 4073 724 4128 tibi
744 4089 759 4127 a
780 4077 881 4130 sanetis
893 4074 981 4129 Eran-
1031 4073 1102 4128 modi
1118 4072 1309 4129 exsecrabilem
1332 4080 1491 4128 aversantur
1511 4072 1687 4141 impietatem.
1705 4071 1828 4130 Dicimus

186 4167 262 4236 gelih
275 4175 302 4220 et
315 4165 445 4237 apostolis
459 4173 485 4219 et
504 4166 570 4221 viris
591 4164 752 4221 beatissimis
770 4179 802 4220 ae
822 4165 981 4236 probatissi·
1030 4179 1096 4236 etgn
1107 4165 1153 4220 tibi
1164 4166 1233 4218 sicot
1244 4165 1325 4219 etiam
1340 4162 1411 4229 illis;
1422 4163 1548 4234 qrtontam
1560 4162 1677 4220 dilexisti
1694 4163 1827 4220 malitiam

188 4259 238 4312 mis
252 4257 375 4314 Patribus
389 4257 485 4312 tradita
500 4271 553 4312 non
568 4264 646 4321 suut,
663 4256 709 4312 sed
724 4256 826 4313 callidis
840 4257 897 4312 trae
908 4273 981 4314 cotn-
1031 4271 1113 4326 snper
1134 4255 1343 4325 benignitatem,
1367 4255 1534 4324 iniquitatem
1554 4253 1640 4325 magis
1655 4268 1740 4324 quam
1754 4253 1826 4325 logni

188 4348 285 4403 inentis
308 4356 451 4413 astrttere,
472 4357 500 4401 et
521 4360 630 4401 sarsum
650 4346 750 4416 proprii
774 4348 929 4418 languoris,
953 4360 981 4406 et
1031 4348 1197 4418 segnitatem.
1214 4346 1333 4402 Dilexisti
1347 4347 1435 4401 omnia
1450 4346 1533 4402 verba
1548 4344 1782 4417 praecipitationis,
1796 4353 1824 4401 et

189 4439 268 4509 hujus
282 4438 418 4494 itareseos
432 4437 588 4494 scandalum
606 4436 815 4506 simplicioribus
832 4439 979 4507 inculcare,
1033 4438 1149 4510 lingnam
1175 4436 1316 4504 dolosam
1345 4447 1485 4508 propterea
1509 4437 1630 4492 destruet
1655 4443 1682 4491 te
1706 4434 1778 4493 bens
1799 4435 1826 4491 in

188 4530 223 4584 ita
237 4540 265 4583 nt
280 4545 329 4585 nec
346 4530 442 4586 similis
462 4529 596 4600 prioribus
616 4530 737 4586 videatur
752 4530 917 4602 haeresibus,
932 4533 980 4589 sed
1034 4532 1125 4595 llneut,
1140 4546 1192 4585 non
1207 4530 1293 4585 solnm
1311 4530 1345 4585 ab
1360 4529 1533 4586 Antiochense
1545 4530 1675 4586 neclecta
1688 4528 1766 4598 sede,
1778 4527 1825 4585 sed

190 4619 371 4690 multipliciter
395 4623 483 4691 potios
506 4621 563 4676 hac
585 4620 776 4677 transcendant
795 4638 803 4678 ι
819 4637 868 4679 nee
888 4623 981 4679 ambn·
996 4607 1114 4681 [letiam
1134 4622 1168 4677 ab
1191 4622 1264 4678 omni
1284 4621 1401 4678 civitate.
1416 4621 1523 4678 Etenim
1546 4621 1582 4678 sit
1601 4620 1630 4677 in
1648 4629 1676 4677 te
1696 4621 1756 4679 base
1774 4620 1826 4676 dsa

223 4783 237 4814 ο
257 4771 383 4829 ballerini
407 4773 503 4829 iratres
525 4775 550 4829 in
575 4775 763 4833 dissertatione
789 4776 930 4845 premissa
946 4777 979 4834 ad

189 4856 288 4902 tomum
303 4844 335 4899 ΙΙΙ
347 4860 457 4914 opernm
472 4846 554 4901 sancti
564 4845 663 4902 Leonis
674 4847 870 4903 admonuerunt
885 4848 911 4902 in
925 4848 980 4904 eol·

188 4917 302 4973 tectione
325 4930 384 4983 patre
411 4914 540 4970 Avellana
572 4915 671 4972 dicitur
703 4927 809 4972 servata
833 4919 859 4972 in
885 4918 980 4974 codice

189 4986 273 5042 l'atic.
297 4985 389 5050 thul,
409 4994 517 5040 exstare
538 4985 572 5041 ibi
596 4989 745 5042 versionem
766 4999 885 5043 veterem
901 4989 980 5058 hujus

187 5057 307 5124 epistolae
322 5054 420 5110 Felicis
432 5056 465 5108 ad
479 5053 585 5110 Petrum
599 5057 733 5114 diversam
749 5059 783 5112 ab
797 5073 827 5112 ea
843 5074 902 5126 tpuaa
915 5058 980 5129 legi·

188 5138 230 5181 tttr
246 5126 273 5182 itt
292 5126 494 5182 collectionibus
516 5128 699 5198 synodorum,
724 5143 837 5196 eamque
859 5129 979 5185 celtiberi

187 5197 322 5252 nihrmant
345 5213 360 5249 a
385 5197 573 5253 collectoribus
594 5199 773 5268 Epistularum
799 5198 978 5255 Romanorum

187 5268 341 5336 puntibeum
359 5277 424 5322 tom.
440 5268 460 5332 l,
474 5283 533 5338 pag.
549 5269 611 5325 526.
628 5271 703 5324 llanc
713 5284 763 5338 ego
777 5271 820 5325 hie
832 5285 979 5339 repracsen-

187 5340 295 5394 crndam
308 5339 398 5394 censui
415 5350 470 5392 turn
485 5339 554 5408 qttod
571 5340 748 5395 vetustissima
765 5342 808 5406 sit,
822 5355 882 5394 eum
898 5343 978 5397 ctiam

188 5411 258 5478 guod
272 5410 300 5464 in
322 5408 509 5478 probatissima
525 5410 651 5465 hvellaua
665 5412 783 5464 editione
797 5412 976 5465 contineatur.

188 5481 296 5535 hdtlunt
318 5481 428 5550 insuper
453 5481 478 5533 in
502 5479 596 5534 eodem
619 5482 747 5536 arettano
765 5481 857 5536 codice
872 5493 977 5536 exstare

189 5550 288 5614 pariter
309 5551 477 5620 sequentinm
504 5550 657 5605 Graecarum
681 5554 853 5618 epistolarum
878 5553 977 5606 versio-

188 5632 248 5672 nem
261 5619 393 5674 diversam
407 5619 441 5674 ab
454 5633 488 5674 ea
501 5636 560 5689 quac
575 5622 616 5674 hie
630 5624 655 5676 in
666 5621 786 5676 conciliis
801 5623 905 5690 legitur.
921 5621 976 5677 llas

189 5698 238 5761 ego
250 5690 350 5756 pariter
362 5691 498 5750 torsiones
522 5691 634 5748 libenter
649 5693 715 5748 ntihi
730 5692 931 5764 descripsissem
947 5694 975 5750 in

1034 4788 1195 4848 praesentem
1210 4793 1285 4834 osum
1297 4793 1360 4833 cum
1374 4777 1466 4834 homo
1480 4777 1608 4848 agebmn,
1623 4778 1646 4833 si
1660 4793 1710 4848 per
1724 4789 1827 4852 tempus

1034 4849 1163 4904 licuisset.
1185 4879 1221 4890 --
1245 4850 1307 4903 llaec
1327 4856 1369 4904 est
1388 4850 1465 4904 tertia
1491 4849 1603 4918 epistola
1630 4850 1732 4907 Felicis
1754 4866 1827 4921 papa

1033 4933 1112 4990 quarn
1127 4936 1143 4975 e
1156 4920 1260 4989 synodo
1273 4918 1392 4974 llnmana
1410 4919 1444 4974 ad
1460 4914 1568 4975 Petrrtm
1582 4919 1726 4977 bullonem
1741 4933 1828 4977 trans-

1034 4989 1116 5057 misit,
1128 5005 1231 5060 quaque
1244 5004 1305 5046 eum
1317 4998 1379 5058 post
1389 4988 1465 5044 binas
1475 4989 1606 5046 salutares
1619 4989 1827 5058 admonitiones,

1033 5061 1165 5116 sententia
1179 5061 1357 5116 anathematis
1371 5068 1397 5114 et
1415 5060 1591 5129 depositionis
1602 5060 1664 5130 jore
1677 5063 1831 5133 meritoque

1032 5131 1233 5188 eundemnavit.
1253 5131 1327 5186 llanc
1338 5129 1434 5185 ordine
1449 5131 1551 5186 tertiam
1567 5130 1601 5185 ad
1623 5145 1687 5186 aum
1700 5134 1830 5196 scriptam

1033 5216 1094 5257 esse
1117 5202 1236 5257 indeant
1257 5201 1336 5271 hujus
1350 5200 1469 5271 epistola.
1484 5200 1564 5257 verba
1587 5202 1646 5258 trae
1659 5216 1696 5257 ex
1711 5202 1832 5260 editions

1033 5287 1093 5339 ottae
1107 5272 1220 5327 babetur
1233 5282 1298 5329 tunt.
1314 5269 1324 5325 l
1341 5271 1425 5341 Epist.
1441 5271 1518 5328 Rom.
1533 5272 1628 5342 pontii.
1645 5288 1652 5326 :
1669 5271 1729 5326 Nec
1741 5273 1833 5328 ambs·

1031 5343 1086 5396 lure
1100 5343 1126 5395 in
1143 5344 1258 5406 ueritate,
1273 5357 1318 5396 nec
1333 5341 1425 5396 nonnis
1441 5342 1540 5396 duabus
1552 5343 1668 5409 epistolis
1681 5358 1776 5398 surena
1789 5360 1834 5399 co-

1031 5413 1103 5467 luisti
1116 5414 1323 5477 aceormnodttre,
1340 5428 1408 5466 nanc
1418 5412 1498 5484 igitur
1510 5427 1568 5468 aaut
1583 5429 1692 5468 esorass
1709 5417 1835 5471 adseram

1030 5494 1054 5537 te
1067 5485 1182 5554 proferre
1195 5484 1357 5549 sententiam,
1370 5493 1424 5539 etc.
1441 5482 1517 5540 linde
1532 5491 1605 5553 patet
1618 5484 1692 5555 quod
1711 5486 1836 5542 secunda

1029 5554 1074 5609 illa
1088 5555 1231 5611 monitoria
1246 5553 1344 5610 Felicis
1359 5568 1434 5626 papa
1447 5554 1480 5612 ad
1495 5553 1603 5613 Petrum
1617 5556 1780 5614 transmissa
1794 5557 1836 5613 in·

1030 5626 1141 5682 toticrit.
1157 5626 1220 5682 sm.
1236 5625 1334 5681 Btstos.
1408 5678 1413 5686 ,
