3788 6120
670 304 792 360 vectem
813 304 980 364 tirbensis
997 304 1259 362 tnerLEcottt'Nt.

737 527 819 570 tutto
841 526 956 572 voulut
982 525 1173 571 coecum.

269 691 837 942 VICTOR
810 466 1622 1134 VITENSIS

642 1185 1251 1298 mundezanum.

808 1423 1092 1450 ι-ιι-ιῡ-ι,

552 1583 864 1664 EPISTOLA
902 1584 1354 1667 DEDICATORIA.

237 1743 395 1826 Iosephus
413 1742 580 1806 Rectinclli
589 1743 712 1805 loanni
722 1741 958 1821 archiepiscopo
974 1744 1118 1807 Minotto
1141 1744 1319 1818 Otleabono,
1334 1745 1480 1828 episcopo
1497 1748 1665 1811 Patauino.

166 1885 287 1947 Porum
300 1904 355 1967 eqo
365 1887 550 1966 prudenter,
566 1904 605 1948 ne
621 1885 722 1948 dicam
736 1897 846 1946 temese
860 1885 968 1965 secisse
982 1884 1090 1946 videar
1103 1902 1207 1946 rerum
1221 1883 1404 1966 quibusdam
1416 1903 1480 1948 nan
1491 1888 1569 1952 satis
1576 1889 1676 1969 justis
1685 1888 1770 1952 asti·

132 1985 316 2064 maioribus,
345 1988 402 2067 qui
422 1985 493 2056 tibi,
508 1985 696 2065 amplissime
721 1984 864 2055 antistes,
882 1983 953 2046 uiro
977 1984 1115 2045 omnium
1135 1981 1357 2047 humanissimo
1387 2004 1501 2064 ponam
1521 1997 1593 2048 ante
1613 1987 1719 2050 oculos
1741 1996 1770 2049 et

132 2095 362 2167 persecutorum
372 2085 595 2147 humanitatem
607 2102 724 2146 omnem
739 2083 921 2145 causariam
935 2083 1059 2146 crudele
1068 2068 1290 2175 spectaculum,
1301 2093 1331 2146 et
1340 2086 1569 2150 immanissimo
1579 2096 1771 2168 persecutia·

132 2187 175 2246 sis
192 2184 511 2265 imaqinem.1lesuqit
526 2183 608 2245 enim
623 2183 746 2244 animus
761 2197 827 2241 non
843 2180 936 2242 modo
949 2181 1080 2253 intueri,
1095 2181 1148 2242 sed
1162 2182 1254 2244 ctiam
1267 2182 1452 2261 reformidat
1467 2186 1568 2248 dicere
1584 2205 1771 2268 quacunque

133 2281 250 2358 exbibet
265 2282 415 2345 Historia
426 2290 550 2353 nostra,
564 2281 834 2343 sanctissimorum
851 2297 958 2360 nempe
972 2284 1073 2344 omnis
1089 2281 1192 2343 atatis
1206 2301 1243 2345 ac
1256 2291 1358 2345 status
1370 2282 1527 2346 bominum
1543 2288 1769 2367 carnificinam,

132 2379 265 2453 dolores,
281 2379 426 2454 vulnero,
443 2378 597 2461 equuleos,
615 2385 731 2439 mortes
746 2396 782 2442 ac
796 2379 947 2440 mortium
959 2397 1072 2460 qencra
1087 2379 1320 2453 intolerabilia:
1337 2383 1524 2463 reformidat
1536 2385 1638 2449 dicere
1656 2385 1770 2448 barbo-

131 2496 237 2542 rorum
249 2480 366 2561 ubique
378 2480 570 2544 rabientium
587 2477 815 2551 crudelitatem,
831 2481 1061 2559 cpiscoporum,
1083 2483 1291 2557 sacerdotum,
1308 2486 1504 2567 aliorumque
1520 2490 1681 2568 infinitum
1702 2506 1768 2548 nu-

131 2600 245 2644 merum
257 2583 306 2644 ita
317 2599 376 2662 pra
388 2582 512 2644 nomine
522 2581 600 2642 lesu
610 2587 790 2642 constanter
798 2581 989 2660 firmiterque
1000 2583 1200 2661 patientium,
1210 2593 1246 2645 ut
1261 2593 1368 2647 tortor
1379 2587 1445 2664 ipse
1457 2588 1548 2666 prius
1560 2605 1597 2649 ac
1611 2596 1766 2648 tormenta

131 2682 313 2745 siderentur
326 2681 455 2764 defessa,
469 2699 562 2762 quam
581 2682 637 2762 qui
650 2700 685 2742 eo
697 2680 784 2760 poesi
800 2689 892 2757 sunt,
908 2682 982 2746 licet
998 2701 1031 2745 eo
1051 2701 1148 2764 usque
1166 2685 1302 2748 cruciati
1313 2685 1448 2765 suerint,
1463 2693 1500 2748 ut
1517 2705 1576 2768 quo
1594 2688 1698 2749 minus
1714 2684 1769 2749 ba-

132 2781 234 2845 berent
248 2784 368 2844 uirium
387 2781 429 2843 ad
440 2781 679 2861 perferendum,
697 2801 731 2843 so
749 2782 812 2843 cim
828 2783 927 2861 maqis
950 2789 1176 2846 tormentorum
1199 2794 1226 2846 et
1252 2788 1448 2849 cruciatuum
1462 2788 1658 2850 acerbitatem
1674 2789 1769 2851 senti·

131 2892 209 2945 rent.
229 2886 342 2945 Verum
355 2883 536 2963 huiusmodi
545 2882 677 2945 atbletas
689 2882 825 2959 Cbristi,
840 2885 916 2946 tales
929 2901 966 2945 ac
977 2893 1083 2948 tantos
1095 2885 1261 2965 reliqionis
1272 2896 1388 2951 nostru
1397 2896 1540 2952 auctores
1550 2899 1578 2952 et
1588 2893 1767 2970 maqistros,

131 2984 219 3047 liceat
234 2985 295 3047 tibi
311 2984 490 3067 pontificali
504 2985 696 3047 auctoritate
710 2985 896 3063 qraoissimo
910 2985 939 3046 si
956 3004 1021 3048 non
1037 2988 1138 3049 oculis
1151 2990 1302 3069 aspicere,
1314 2992 1417 3054 animo
1438 2998 1519 3054 certe
1533 2999 1563 3051 st
1577 2993 1769 3071 capitatione

132 3086 293 3166 complecti
304 3107 315 3154 .·
329 3086 480 3166 liceatque
492 3085 569 3148 mibi
585 3083 753 3164 diqnitatis
766 3105 803 3148 ac
826 3087 956 3150 uirtutis
974 3097 1035 3152 tua
1046 3091 1239 3169 praeconium
1251 3094 1352 3172 [acere
1366 3093 1542 3170 meditanti,
1556 3112 1689 3176 quarum
1710 3113 1768 3158 na·

131 3190 212 3252 nima
224 3196 299 3249 eunt
311 3188 430 3268 scripta
445 3186 589 3259 incaelis,
604 3202 711 3247 eorum
722 3187 900 3247 memoriam
913 3190 1076 3252 annalium
1098 3192 1308 3254 monumentis
1324 3192 1564 3255 commendatam
1577 3193 1698 3255 nomini
1711 3204 1766 3256 tuo

133 3305 320 3350 consecrare.
336 3286 423 3364 Quos
446 3287 547 3366 iqitur
564 3303 630 3346 non
648 3286 770 3356 nidisti.
793 3287 880 3348 rides
895 3296 995 3350 tamen
1016 3293 1072 3371 qui
1086 3300 1116 3353 ct
1129 3294 1235 3373 quoles
1251 3295 1413 3373 postulent
1425 3297 1640 3376 patrocinium
1654 3305 1764 3366 tuum.-

133 3386 214 3449 rides
226 3406 319 3467 quam
336 3386 466 3468 diqnum
477 3387 519 3448 sit
532 3402 681 3466 qeneraso
695 3386 841 3466 principe
849 3389 1014 3467 porriqere
1028 3391 1158 3472 afflictis
1172 3392 1343 3464 dexteram.
1357 3402 1450 3475 atque
1469 3398 1537 3475 opis
1553 3395 1767 3473 indiqentibus

135 3487 285 3566 opitulari
291 3507 302 3557 ,·
317 3484 546 3567 quomdiqnum
561 3483 679 3564 optimo
695 3483 840 3564 episcope
854 3485 1017 3566 episcopas
1027 3489 1088 3550 sibi
1099 3489 1227 3566 similes,
1238 3492 1415 3552 sacerdotes
1427 3494 1647 3574 ministrosque
1658 3510 1768 3555 sacrm

135 3603 189 3669 pro
205 3586 321 3651 cbristi
334 3586 395 3668 pide
406 3600 579 3665 perpessos,
593 3583 912 3664 beniqnesusciperc,·
929 3602 1021 3665 quam
1033 3586 1162 3666 diqnum
1177 3587 1307 3669 denique
1320 3588 1454 3652 bumana
1466 3599 1591 3670 pectore
1606 3593 1767 3655 miserabi-

137 3689 207 3750 lium
218 3688 359 3750 misereri
379 3686 548 3758 bominum,
564 3683 781 3748 laborantibus
800 3701 995 3759 succurrere,
1014 3695 1044 3748 st
1059 3687 1240 3768 presidium
1252 3690 1428 3770 petentibus
1451 3690 1532 3754 nibil
1545 3708 1667 3772 neqars.
1688 3693 1766 3754 Hac

140 3810 203 3855 cum
218 3789 325 3853 rideas
339 3805 405 3849 non
423 3806 478 3866 eqo
503 3784 609 3856 cades,
631 3802 706 3872 non
721 3784 860 3858 cerbero,
875 3803 941 3846 nan
951 3804 1084 3860 secures,
1097 3805 1163 3848 nan
1176 3789 1316 3866 vincula,
1328 3807 1394 3852 non
1404 3791 1525 3872 reliqua
1535 3791 1766 3872 suppliciorum

141 3909 242 3972 qenera
252 3907 396 3971 propono
410 3887 531 3958 ocsrlise
548 3886 602 3948 sed
609 3903 684 3966 ,qua
696 3894 810 3948 mutua
823 3887 968 3951 caritatis
984 3906 1021 3950 oc
1039 3888 1257 3953 besesotenna
1268 3889 1407 3969 exempla
1420 3889 1511 3954 nobis
1523 3893 1639 3972 passim
1650 3909 1764 3954 accur-

140 4001 210 4054 runt
222 3995 255 4055 in
275 3992 334 4053 bac
351 3991 520 4060 Historia:
535 3995 627 4069 atque
643 4006 676 4049 eo
690 4004 834 4067 propono
853 3987 1013 4063 libentius,
1028 4006 1096 4050 non
1111 3997 1174 4051 tam
1191 3990 1276 4070 quod
1295 3992 1400 4054 omnio
1418 4000 1447 4057 te
1468 3991 1566 4072 diqaa
1580 3994 1656 4062 sint.
1672 4010 1765 4073 quam

143 4094 215 4176 quod
235 4096 382 4174 majorem
405 4109 511 4154 corum
534 4101 653 4172 partem
681 4090 820 4152 maribus
851 4093 915 4154 tuis
942 4093 1116 4172 reprimere
1143 4092 1277 4156 videare.
1302 4093 1429 4157 lltinans
1446 4109 1519 4153 aero
1544 4092 1639 4169 iseqo
1655 4109 1762 4167 essem,

144 4203 187 4272 ut,
199 4207 231 4258 tu
244 4197 300 4276 qui
311 4196 355 4256 sis
372 4201 400 4255 et
416 4200 551 4274 quantus
567 4209 683 4273 semper
694 4192 806 4272 fueris,
820 4211 888 4254 cum
901 4190 979 4254 satis
992 4193 1113 4254 rideam
1127 4192 1322 4273 admirerque
1335 4193 1481 4266 manime,
1495 4189 1573 4252 satis
1589 4190 1681 4251 etiarn
1696 4208 1766 4269 quae

148 4304 192 4356 tua
208 4307 275 4358 sunt
288 4313 355 4357 non
375 4293 467 4354 modo
484 4291 597 4364 dicere,
620 4291 673 4354 sed
689 4292 795 4371 diqnis
810 4289 963 4352 celebrare
982 4288 1128 4354 laudibus
1150 4289 1279 4353 dicenda
1294 4290 1439 4370 possem!
1459 4287 1521 4352 Sed
1541 4305 1608 4348 cum
1619 4288 1763 4366 persequi

149 4397 234 4457 annia
247 4413 311 4458 non
326 4413 435 4477 queam
452 4393 462 4474 (
477 4395 548 4474 quis
572 4393 653 4454 enim
666 4393 772 4455 omnia
782 4400 990 4471 persequatur
1007 4391 1074 4468 eius
1092 4391 1148 4471 qui
1168 4409 1231 4453 non
1250 4391 1381 4453 bonoria
1399 4407 1521 4465 nomen,
1543 4387 1596 4449 sed
1616 4389 1763 4450 bonorem

150 4491 258 4573 adeptus
272 4496 315 4556 sit
331 4496 346 4555 l
363 4494 386 4574 ),
401 4500 509 4573 patere
523 4509 609 4572 aquo
621 4493 738 4566 animo,
751 4511 798 4552 ms
812 4489 885 4553 bens
900 4492 1000 4554 multa
1013 4494 1173 4570 praeterire
1191 4492 1347 4561 consulto,
1362 4508 1429 4571 quo
1445 4490 1480 4552 in
1492 4489 1590 4551 medie
1606 4492 1711 4569 posita
1732 4499 1763 4552 et

151 4605 261 4658 cernunt
278 4613 382 4659 amnes
400 4603 427 4656 et
441 4595 573 4674 mirifice
585 4593 728 4656 laudant.
745 4594 862 4656 Dicant
875 4592 933 4656 alii
946 4591 1141 4654 nobilitatem
1155 4591 1289 4672 qcncris,
1306 4598 1485 4652 vetustatem
1498 4591 1637 4669 familia,
1650 4591 1763 4669 patriae

150 4693 252 4774 incluta
263 4705 292 4758 et
311 4702 476 4776 parentum
490 4695 615 4767 decora,
630 4695 845 4774 coqnatianes,
860 4695 1014 4774 majarum
1027 4692 1168 4764 nomina,
1181 4709 1307 4772 quaeque
1322 4690 1359 4753 ab
1376 4690 1417 4752 iis
1427 4690 1664 4771 preclarissimc
1676 4700 1762 4768 qesta

153 4806 227 4866 sant:
241 4817 274 4859 ea
286 4806 320 4858 tu
332 4795 473 4878 quamuis
491 4802 618 4856 tuorum
633 4794 699 4855 sint
713 4801 805 4874 atque
817 4811 944 4874 maqno,
955 4792 1077 4872 respuis
1089 4801 1187 4853 tamen
1198 4802 1345 4874 tanquam
1357 4791 1472 4861 alieno,
1486 4809 1582 4871 neque
1593 4789 1762 4871 quidquam

152 4902 322 4977 rumperes
336 4896 402 4958 nisi
420 4894 504 4975 quod
518 4895 621 4957 virtus
637 4894 713 4971 (ecit
732 4902 830 4956 tuum.
847 4895 966 4958 Dicant
979 4894 1049 4972 alii,
1065 4903 1093 4955 te
1106 4890 1288 4956 Alexandra
1304 4893 1386 4958 rm
1396 4893 1545 4972 pontifici
1560 4892 1695 4957 macine
1708 4910 1762 4953 ue·

149 5007 232 5075 potem
246 5019 319 5075 esse,
338 5007 367 5061 te
381 4999 478 5060 Petro
493 4997 659 5060 Otbobono
672 4997 831 5061 cardinali
844 4997 1033 5079 osnplissima
1052 4997 1285 5068 consobrinum.
1300 5005 1329 5061 te
1341 5017 1361 5059 a
1373 4998 1540 5061 Benedicta
1553 4996 1639 5058 xm
1652 4997 1762 5076 ponti·

150 5100 312 5183 prespetero
324 5100 521 5182 desiqnatum
533 5100 734 5181 episcopum:
750 5099 996 5181 moqnoquidsm
1007 5099 1165 5171 istasunt,
1179 5100 1474 5180 simpuloriaprape,
1485 5107 1576 5178 atque
1591 5097 1667 5159 adea
1683 5106 1759 5165 tua:
1855 5102 1857 5107 '

148 5201 189 5264 red
198 5221 256 5265 nass
269 5225 304 5266 eo
316 5209 392 5265 sunt
409 5218 477 5283 quu
489 5201 587 5265 dicia
602 5201 723 5262 nemine
738 5201 817 5262 satie
833 5200 969 5279 possint.
987 5199 1081 5261 Dicat
1093 5216 1282 5279 quecunque
1296 5198 1376 5279 tocie
1390 5196 1548 5259 Patauina
1567 5194 1760 5256 celeberrima

147 5302 251 5381 ciritae,
261 5305 415 5367 bonorum
426 5302 546 5364 ortium
557 5299 641 5362 sedes
655 5317 694 5362 as
705 5299 871 5381 maqistrs,
883 5300 936 5363 eui
947 5315 1056 5380 praes,
1070 5299 1157 5362 dicat
1167 5299 1368 5360 remissorium
1385 5297 1472 5362 istud
1482 5297 1660 5360 litterarum
1670 5300 1759 5354 tuum

141 5403 281 5489 p'ersntuti
295 5407 494 5470 instituenda
504 5406 713 5488 aptissimum,
727 5405 810 5486 quod
822 5414 858 5467 tu
870 5402 1031 5484 splendori
1046 5404 1185 5483 pristina
1198 5401 1425 5465 restituendum
1437 5399 1603 5476 suscepisti
1611 5415 1622 5466 ,·
1637 5400 1759 5479 majora

142 5506 263 5586 eqssidem
279 5506 344 5568 ista
356 5523 521 5578 censemus,
538 5515 567 5568 et
583 5503 756 5584 majoribus
771 5504 863 5565 ctiam
876 5503 975 5581 diqna
987 5501 1155 5572 laudibus,-
1171 5506 1207 5562 at
1223 5518 1282 5562 uos
1297 5517 1354 5564 nec
1368 5499 1572 5582 quodcunque
1588 5496 1623 5558 in
1640 5502 1669 5556 te
1682 5512 1760 5555 sau-

137 5603 226 5668 dobile
238 5613 282 5667 est
297 5620 473 5684 proponere
486 5605 577 5667 nobis
589 5605 745 5677 uolumus,
760 5618 817 5666 nee
833 5603 905 5666 aliis
916 5603 1128 5665 demonstrare
1146 5602 1211 5666 nisi
1223 5603 1378 5685 quidquid
1391 5609 1435 5664 est
1448 5598 1628 5660 monimum.
1645 5597 1760 5659 liari-

133 5722 190 5766 nas
206 5711 309 5765 autem
328 5721 391 5765 esse
407 5703 547 5767 ducimus
566 5704 741 5781 easdemque
755 5700 952 5765 admirabiles
965 5701 1099 5765 uirtutes
1120 5704 1230 5779 animi,
1253 5721 1320 5782 qua
1341 5700 1415 5765 sola
1431 5708 1491 5803 tuq
1505 5709 1592 5778 sunt,
1613 5716 1680 5780 qua
1703 5695 1760 5770 tibi
