3788 6120
1709 200 1724 231 ἰ

75 279 145 337 1060
517 278 560 333 DE
579 275 824 338 mittrtoutbtts
844 279 1122 339 tcctcstssttilts
1141 281 1252 337 ttuuu.
1644 284 1714 345 iiiiii

75 390 196 446 Ecclesia
217 391 375 461 presbyter,
397 390 423 445 in
442 388 564 445 docendo
576 390 688 460 incipitis
699 405 732 445 es
749 396 906 460 acmporeA
922 400 976 444 tum
989 391 1123 444 roluurine
1137 390 1291 445 describens
1307 398 1319 426 ⁰
1333 390 1368 447 ati
1382 390 1500 447 Orientis
1514 404 1541 448 et
1561 394 1715 454 Occidentis

75 482 241 537 declamator
256 481 414 546 alteretur,
437 480 589 552 composuit
607 481 723 536 iniistitos
741 466 891 537 tractatus
923 482 1056 536 Ecclesias
1068 479 1158 547 desiit,
1174 481 1351 546 continuans,
1370 482 1471 537 duabus
1492 485 1518 538 in
1535 484 1643 543 Citristo
1657 506 1716 544 ιιιιι-

75 573 242 628 dirersarum
258 571 443 643 luypotlreseou
458 588 465 624 ε
480 572 506 626 in
525 571 621 640 ouibus
639 572 719 627 etism
734 581 790 627 ιιιιιι
804 572 870 628 sob-
922 571 1046 627 tretrtibus
1062 568 1075 607 ¹¹
1091 572 1210 640 perlecto
1232 572 1346 637 naturis,
1361 588 1440 628 unam
1457 573 1515 630 Filii
1530 575 1578 632 bei
1603 580 1717 636 crucien-

76 663 115 719 tiii
130 663 246 732 nequitia
260 661 358 717 includit
376 671 469 735 postes
482 662 592 730 proditae
607 660 750 730 impietatis
763 669 777 698 ⁸
791 675 871 717 verae·
922 663 983 717 dam
1001 677 1062 718 esse
1085 676 1239 732 personam.
1265 662 1333 717 iiuic
1356 665 1428 717 enim
1454 669 1597 723 sententiae
1620 685 1716 737 supra·

76 769 133 821 na,
158 767 218 824 qua
239 752 350 807 moralis
383 751 517 807 interilum
541 752 692 807 occultabat
713 751 727 791 b
751 752 870 809 suadela.
922 752 1009 808 dictus
1031 753 1171 808 Nestorius
1186 762 1311 808 ostensus
1333 764 1452 811 estesse
1469 759 1630 815 contrarius.
1648 757 1656 798 t
1672 760 1717 817 Si-

79 847 255 914 ePostmmm
283 860 370 907 uerit,
403 843 553 913 eloquentia
577 843 635 912 ejus
660 852 688 897 et
708 844 870 897 sustinento
923 849 1024 902 utiliter
1054 848 1134 902 etiam
1164 846 1282 917 Xystus,
1314 861 1455 903 successor
1483 850 1639 917 coelestini,
1668 866 1717 922 trra

31 966 38 980 ·
76 936 300 1000 cornutenciante,
321 934 623 1004 Constantinopolitano
645 930 769 990 Ecclesiae
786 935 872 1002 positi·
923 940 1017 994 easlern
1033 954 1061 993 re
1075 949 1102 994 et
1115 939 1148 992 aci
1164 940 1250 1009 ipsunt
1263 937 1415 993 Nestorium
1434 951 1460 994 et
1472 941 1506 996 ad
1526 942 1645 996 ilrieutis
1658 945 1717 1014 epi·

79 1030 156 1083 nmio
179 1028 294 1113 doristus
316 1036 376 1093 est,
401 1036 523 1096 aberium
549 1042 580 1082 se
606 1026 710 1082 hollam
734 1025 870 1088 Ecciriiae.
923 1029 1594 1109 scottos,adsersurrterroremejustsuccicleudum
1608 1045 1717 1089 senten-

77 1135 157 1189 nueur
172 1119 217 1173 din
230 1121 350 1182 celarat,
374 1117 541 1185 ostendens,
556 1118 663 1187 scripsit
684 1117 781 1172 librum
795 1115 872 1186 qttasi
925 1120 975 1176 tias
989 1121 1098 1176 direxit.

77 1213 111 1267 cle
127 1211 309 1265 incarnatione
326 1210 447 1274 Dirrrrini,
464 1211 600 1278 sexaginta
615 1220 642 1265 et
657 1210 761 1263 duolms
775 1208 872 1262 utriaco
958 1280 960 1284 ἱ
1227 1210 1340 1267 CAPUT
1360 1208 1415 1266 tt.

78 1303 223 1374 Scripturas
234 1302 393 1357 testimoniis
405 1318 485 1371 pram
501 1317 584 1356 serrsu
601 1318 650 1357 suo
669 1310 871 1358 constructum:
961 1302 969 1353 i
988 1301 1164 1366 Tncononus,
1180 1303 1339 1373 assemanus
1357 1299 1469 1358 Galatiae
1484 1302 1636 1372 episcopus,
1652 1318 1716 1357 sert·

78 1394 127 1446 diu
141 1394 264 1463 uitriquisi
277 1394 489 1456 asseveraverit,
508 1394 534 1446 in
548 1392 669 1462 catalogo
684 1394 872 1446 lrnrettcorum
924 1395 977 1463 psit
1004 1394 1149 1448 adversum
1174 1392 1344 1455 Nestorium,
1367 1391 1455 1446 adlruc
1476 1392 1575 1460 Epiresi
1600 1394 1716 1463 positus,

78 1483 282 1540 monstrabitur.
926 1486 1022 1539 librum
1036 1485 1232 1552 reclamationis
1246 1493 1274 1538 et
1286 1484 1492 1553 coniurationis,
1508 1479 1646 1539 dialectiea
1661 1485 1717 1552 ‹rui-

376 1573 489 1630 corut
509 1575 576 1630 btv,
924 1575 985 1631 dem
1005 1586 1063 1631 arte
1080 1577 1248 1641 ordinatum,
1265 1575 1482 1631 setlauctoritate
1495 1591 1631 1632 sacrarum
1647 1577 1717 1634 Scri·

114 1667 332 1731 metarum,
349 1666 422 1719 urbis
437 1667 529 1720 Nosne
551 1669 691 1736 episcopus
708 1664 734 1731 ¹,
751 1667 872 1722 succre-
924 1676 1062 1738 ptorarum
1077 1667 1225 1723 detextum.
1243 1667 1332 1722 linitis
1353 1669 1424 1722 eninr
1443 1668 1636 1725 assertionibus
1654 1685 1717 1726 usus

79 1767 136 1812 tunt
151 1757 246 1827 sytrodi
265 1757 410 1812 aduersum
428 1756 611 1826 supradictum
627 1758 780 1814 Nestorium
799 1758 875 1812 lrabi·
928 1768 980 1823 est,
996 1768 1137 1827 antennam
1152 1759 1349 1826 Scripturararn
1362 1759 1513 1814 testimoniis
1525 1769 1647 1830 poneret.

79 1916 139 1969 dam
150 1914 296 1980 ordinaoit3
313 1914 435 1986 rejiciqoe
448 1913 528 1986 jussit
546 1915 728 1983 insecutionem
742 1913 875 1967 Nestoris·
890 1918 913 1979 Β
928 1924 955 1969 et
969 1914 1021 1968 Tit.
1044 1911 1191 1968 beatiensis
1212 1912 1259 1967 lib.
1276 1911 1311 1968 de
1322 1911 1505 1969 Conuersione
1520 1915 1639 1970 omnium
1655 1931 1717 1988 gen·

80 2000 150 2047 nont,
167 2000 225 2054 price
240 2000 298 2037 torro
311 2001 326 2037 o
340 1988 449 2037 diacono
463 1985 518 2050 lieri
531 1985 638 2037 solebat.
654 1985 707 2038 Sed
720 1984 813 2053 [raude
826 2001 874 2052 po·
928 1987 1005 2040 tium.
1021 1983 1139 2037 limnas.

79 2056 199 2108 stiorcirae
220 2055 358 2107 aduersarii
383 2055 422 2107 soi
444 2053 547 2105 tandem
569 2064 659 2119 coptos
684 2062 738 2116 cst,
760 2064 787 2104 nt
804 2069 873 2106 aea
964 2051 1343 2121 ¹carnot,impicrsrtsejm.
1416 2114 1418 2118 Α

80 2122 170 2175 Tasris
192 2125 299 2176 occisas.
324 2123 428 2176 Salaros
449 2122 632 2189 professionem
653 2121 714 2187 irim
727 2137 760 2174 es
779 2071 873 2192 §price
960 2121 973 2160 ¹³
994 2123 1051 2184 iu..
1067 2124 1172 2174 oracolis
1185 2121 1325 2174 conclusio.

79 2192 198 2247 Latinam
221 2192 279 2263 [ecit
299 2192 413 2245 Arrdreos
433 2189 533 2244 biosim
552 2189 737 2254 Bruxeliensis,
760 2201 786 2246 et
804 2190 872 2262 tppis
960 2201 971 2230 e
992 2192 1043 2254 itl.,
1056 2188 1195 2257 Postquam
1206 2188 1328 2243 Ecclesia
1339 2191 1455 2259 pontifex
1465 2191 1573 2244 dorcatns
1582 2201 1633 2257 est,
1644 2209 1715 2261 aper

79 2262 253 2317 Piarctiniouis
274 2261 422 2330 publicarit.
443 2258 547 2315 Saloca
567 2261 686 2314 successit
707 2261 808 2316 Abdero
822 2263 873 2315 sire
923 2270 977 2315 tunt
989 2277 1016 2316 se
1028 2262 1126 2315 bostem
1140 2276 1214 2329 qoem
1229 2259 1370 2315 debellabat
1389 2261 1491 2332 scripsit
1506 2263 1583 2315 libros
1588 2301 1642 2317 .....
1659 2281 1717 2319 eos·

79 2333 177 2388 Abdico
191 2333 306 2404 ejusdem
321 2331 419 2386 ordiaris
434 2330 466 2385 S.
481 2328 720 2401 omnipatrem
735 2332 770 2385 ad
785 2332 872 2386 conci·
922 2341 1044 2386 structos.

81 2404 146 2457 liam
162 2401 339 2458 Trnientinum
362 2408 385 2454 et
399 2400 489 2455 Nomos
501 2401 668 2454 obedientiam
686 2399 789 2470 Pjoli'
820 2417 872 2455 rie·
960 2400 1037 2455 “Sia
1063 2399 1149 2455 edidit
1175 2399 1362 2465 linctionem,
1388 2409 1415 2454 et
1435 2401 1473 2454 sic
1497 2400 1594 2468 legitur
1614 2402 1640 2456 iu
1660 2403 1722 2461 aliis

79 2474 161 2539 stitit;
183 2473 335 2540 domumque
357 2487 472 2525 resumas
493 2471 696 2541 quamplurimos
717 2487 788 2525 socer
806 2482 871 2533 ates,
924 2470 1056 2527 Gennarlii
1069 2469 1232 2524 emtionibus
1243 2472 1312 2524 inter
1329 2469 1483 2542 Hieronymi
1499 2486 1578 2534 ittera
1595 2473 1716 2542 culpatis.

79 2545 249 2614 episcoparet
270 2541 475 2612 archiepiscopos
487 2541 623 2595 ordinauit.
646 2540 694 2594 Cui
708 2555 803 2610 paucos
816 2551 873 2610 post
923 2539 953 2594 ln
973 2541 1080 2603 ccrrbei.
1096 2551 1138 2594 est
1156 2557 1163 2593 :
1180 2540 1206 2593 in
1227 2555 1276 2605 ono
1292 2541 1469 2593 asseaeroaerit
1485 2539 1511 2592 in
1525 2539 1652 2596 cotitoiica
1665 2542 1722 2611 irps

79 2629 161 2667 annos
176 2613 297 2683 defuncto
307 2614 426 2665 sacceam
438 2610 552 2676 Aetolia,
565 2610 678 2680 ejusdem
687 2610 756 2675 orci..
767 2612 811 2677 noi
820 2626 873 2664 non
924 2613 1014 2664 bereri
1027 2609 1173 2663 nsosrstrori.
1193 2611 1458 2664 circumitionem
1475 2626 1482 2663 :
1497 2611 1523 2662 in
1533 2625 1584 2679 quo
1594 2613 1720 2680 cruidpoid

81 2685 168 2737 babuit
192 2681 411 2751 conpensationem
439 2681 631 2750 apostolicom5
661 2679 729 2738 troad
757 2680 873 2735 cassidem
923 2683 1124 2742 bracarensem,
1144 2679 1172 2732 in
1187 2679 1310 2751 Cassiopa
1325 2681 1499 2735 hereticorum
1521 2681 1717 2737 demorsstrotsr.

83 2755 172 2808 iianrae
192 2769 243 2806 nort
268 2752 414 2819 postularit.
439 2749 548 2804 suartio
569 2750 686 2819 diiuncto
699 2750 822 2818 saliemus
836 2761 873 2806 est
925 2750 961 2804 ita
981 2750 1113 2806 Suiiritius
1126 2749 1208 2813 Patri,
1229 2751 1353 2815 Narseus,
1374 2751 1416 2804 io.
1433 2766 1447 2801 a
1464 2749 1575 2804 rocam.
1599 2752 1635 2805 ile
1651 2753 1719 2807 libro

83 2823 174 2878 aaran
195 2824 287 2877 simon
304 2823 508 2891 orcmepiscopm
522 2821 553 2874 de
567 2818 648 2884 Celo,-
663 2821 706 2890 qai
719 2821 875 2889 temporibus
925 2820 1038 2874 Nestorii
1050 2821 1110 2874 vicie
1124 2818 1284 2876 Garrirerium
1296 2823 1329 2874 sti
1344 2823 1517 2875 liercatorem
1532 2830 1597 2874 tour.
1610 2820 1642 2886 ll,
1659 2837 1687 2892 p.
1699 2824 1716 2876 1

81 2891 198 2960 Greporii
212 2889 269 2946 ΧΗ
274 2891 286 2945 1
304 2907 377 2963 popo
392 2891 499 2944 lionam
509 2891 578 2945 meis
592 2900 780 2958 procuratorem
793 2908 869 2946 essm
924 2903 951 2946 et
961 2889 1024 2954 322,
1036 2906 1094 2956 seu.

83 2963 230 3018 Hermetem
262 2961 366 3016 Heliam
387 2957 671 3032 orciriepiscapam.is
701 2961 804 3015 nomine
827 2978 875 3028 pa·
961 2970 974 2998 ⁸
997 2963 1025 3015 S.
1048 2959 1208 3016 iioeiestinus
1232 2959 1242 3014 Ι
1266 2975 1296 3026 ps
1317 2975 1331 3013 a
1355 2959 1448 3032 (cnjus
1471 2974 1569 3015 nomen
1597 2960 1717 3016 Noniano

83 3035 201 3088 triorelsn
215 3033 254 3086 sui
268 3034 377 3086 debitam
387 3031 440 3085 sedi
455 3033 602 3094 apostalice
619 3030 787 3085 obedientium
808 3047 875 3100 pre·
926 3031 1119 3101 martyrologio
1131 3030 1165 3084 ael
1178 3030 1248 3085 client
1263 3031 1280 3087 6
1293 2975 1391 3098 ipatus
1406 3031 1561 3097 inscriptum
1577 3033 1637 3098 est)
1652 3047 1717 3086 ιιιιι·

83 3105 146 3158 stitit
156 3115 179 3159 et
187 3102 379 3172 confirmatione
388 3116 446 3155 cam
460 3103 540 3170 pollio
551 3101 716 3170 patriarchali
730 3102 876 3157 obtenturo
925 3100 1015 3155 cilium
1029 3101 1224 3155 oecutneuicum
1258 3102 1420 3171 Epiresiuum
1450 3115 1522 3154 actuo
1549 3102 1596 3156 131
1623 3115 1673 3156 citu
1687 3119 1717 3157 rs

85 3176 148 3228 sobe
167 3189 235 3227 onno
250 3172 321 3228 1561
334 3173 459 3226 discessit.
475 3170 726 3226 Germanorum
746 3169 875 3227 Cluuianis
925 3171 1076 3225 Nestorium
1089 3170 1221 3226 celebrari
1233 3169 1323 3239 jussit,
1338 3172 1486 3226 acdemum
1499 3172 1532 3223 ΙΙΙ
1546 3172 1640 3225 intristi
1726 3234 1729 3239 ¹

84 3243 256 3298 Orientalibus
269 3242 387 3296 ditissimi
407 3249 431 3294 et
446 3241 614 3311 potentissimi
632 3241 742 3296 resident
761 3242 788 3296 in
813 3241 876 3297 arbe
925 3256 997 3295 anuo
1016 3239 1069 3295 152
1080 3241 1216 3307 decessit,
1237 3252 1264 3295 et
1287 3257 1470 3297 successorem
1486 3241 1579 3296 iralrrrit
1591 3240 1656 3314 llyst
1679 3238 1695 3309 J
1725 3240 1733 3263 ³

83 3315 153 3368 Astii
161 3329 172 3381 ,·
186 3313 227 3380 nai
240 3328 297 3366 eam
310 3311 423 3384 prolem
435 3314 488 3364 sais
502 3314 577 3365 onice
590 3312 740 3365 adscitamar
754 3312 875 3366 obedien·
928 3312 972 3379 qui
990 3309 1131 3381 presbyter
1145 3308 1260 3366 heresin
1282 3309 1450 3381 pelagianam
1465 3313 1563 3366 acriter
1578 3327 1666 3382 orrpup

83 3385 148 3436 tiam
164 3385 287 3437 itomonc
307 3382 376 3436 sedis
388 3396 537 3434 eansermre
554 3391 631 3450 otpse
654 3395 757 3449 amere.
781 3354 913 3436 Poten-C
930 3389 982 3432 rat.
997 3376 1134 3435 Coelestini
1150 3393 1225 3453 papa
1244 3381 1365 3447 epistota
1383 3390 1488 3435 exstant
1504 3382 1530 3434 in
1546 3385 1624 3436 tomis
1643 3384 1717 3436 tarsi·

83 3455 161 3508 tiores
183 3463 268 3506 autem
287 3461 312 3506 et
332 3451 435 3506 ditiores
458 3451 568 3506 nationis
584 3449 757 3511 Nestorisue,
779 3453 875 3506 subditi
927 3450 1061 3505 ciliorum.
1078 3449 1204 3518 Epistola
1230 3449 1288 3505 istis
1314 3450 1435 3505 subnecti
1466 3449 1555 3504 solent
1576 3454 1718 3507 serrtrntiar

84 3523 240 3594 peruncto
255 3522 416 3587 ademario,
435 3521 549 3575 incolant
564 3536 648 3574 cremo
662 3519 773 3574 Nesciet
785 3519 876 3576 Gesire
926 3521 1048 3588 ursariam
1069 3520 1104 3575 de
1118 3520 1200 3586 gratia
1222 3518 1267 3574 [lei
1283 3531 1310 3573 et
1329 3521 1414 3574 libero
1426 3522 1570 3574 uoluntatis
1591 3520 1715 3577 arbitrio.

84 3591 539 3663 mliabpinniocqairntriareisam
574 3607 634 3644 nram
651 3590 698 3644 sab
716 3606 743 3644 se
762 3592 875 3662 pentima
929 3593 1087 3658 eranmraur
1103 3599 1192 3644 autem
1208 3588 1410 3644 bacfielestini
1426 3605 1477 3643 nur
1494 3589 1717 3655 sinacoetesum

85 3678 219 3716 asnorum
239 3664 322 3726 babet,
346 3671 370 3715 et
390 3661 499 3716 residem
520 3677 549 3715 so
575 3671 585 3714 t
606 3660 633 3714 in
654 3664 806 3715 aronoeterio
827 3679 876 3732 po·
927 3671 1015 3714 tamen
1029 3660 1166 3731 (quisquis
1179 3674 1273 3715 carum
1292 3673 1334 3716 est
1346 3667 1455 3729 auctor)
1471 3661 1505 3712 alr
1520 3660 1637 3730 antiquis
1649 3661 1713 3716 oiim

83 3732 219 3786 triarcisali
236 3731 267 3789 S.
286 3732 410 3784 ilermetis
422 3747 499 3802 prope
512 3730 626 3784 comum
638 3731 725 3785 arbem
741 3730 837 3796 ilosai,
848 3732 876 3787 in
926 3731 1103 3799 scriptoribus
1130 3731 1236 3784 tributae
1261 3740 1323 3785 srtnt
1339 3747 1346 3780 τ
1362 3743 1390 3783 ιιι
1414 3746 1428 3782 n
1454 3729 1532 3784 Petro
1549 3732 1664 3784 diacono
1688 3732 1715 3786 iu

83 3799 238 3873 Rabylonis,
247 3817 305 3872 qao
315 3800 376 3854 olim
388 3803 466 3857 risam
475 3802 552 3854 dicto.
566 3801 682 3854 Andreas
694 3801 793 3855 uarias
802 3811 875 3870 piarat
927 3798 1036 3856 librotle
1048 3800 1268 3856 incarnationem
1278 3800 1367 3855 Gratis
1377 3799 1474 3855 illusisti
1486 3802 1518 3854 ad
1529 3798 1695 3872 Fuiperuium
1707 3818 1715 3869 ;

85 3871 175 3926 Nasoi
189 3873 251 3926 olim
265 3874 362 3925 dictam
380 3870 523 3927 Seleuciam
538 3869 693 3925 Partiroram
710 3873 745 3924 ad
766 3872 875 3942 flurium
925 3884 940 3923 a
956 3869 1034 3924 Flore
1047 3875 1175 3940 uragistro
1190 3871 1216 3926 in
1231 3869 1300 3926 libro
1314 3870 1580 3925 adeersusioannem
1594 3872 1717 3941 Scutario,

86 3939 194 4010 Tiprim.
217 3941 334 3996 Haereses
357 3957 432 4010 porra
450 3949 475 3994 et
496 3956 595 3995 errores
616 3941 747 4012 precipui,
762 3944 806 4013 qui
826 3943 874 3996 iro-
924 3941 969 4009 crui
996 3941 1122 3996 Ecclesiae
1135 3941 1321 4010 Lugdunensis
1340 3944 1448 3995 nornine
1463 3940 1666 4008 circumiectum
1682 3941 1720 3996 sb

85 4013 180 4066 diernie
194 4012 347 4081 temporibus
365 4013 431 4066 inter
448 4011 616 4064 Nestorinrtos
633 4010 805 4065 scirisntaticos
817 4027 874 4066 cer·
928 4010 1072 4064 iiincmaro
1084 4009 1207 4065 Nemerrsi
1221 4018 1313 4065 contra
1325 4009 1500 4064 Godescalnm
1511 4026 1518 4074 ;
1530 4027 1544 4062 a
1555 4010 1715 4075 cresconio,

84 4091 185 4146 ιιιιιιιι,
199 4092 259 4136 sunt
272 4083 324 4135 isti.
339 4080 451 4137 Credant
465 4082 588 4148 imprimis
604 4094 722 4134 notorum
735 4083 874 4135 iomanem
924 4079 1004 4136 irone
1018 4091 1047 4134 et
1059 4081 1137 4135 attis:
1154 4088 1183 4136 ut
1195 4080 1353 4137 sirmondus
1364 4082 1389 4133 iu
1404 4083 1473 4134 nattis
1486 4081 1519 4133 aci
1536 4091 1601 4135 tunt.
1617 4082 1627 4137 Ι
1641 4079 1714 4136 Cotr-

84 4151 113 4204 in
138 4150 237 4207 Cirristo
261 4151 373 4205 Domino
398 4158 484 4205 nostro
507 4167 558 4204 eron
580 4167 634 4206 esse
660 4156 798 4219 perfectam
818 4155 873 4206 sine
923 4150 1045 4205 ciliorum
1058 4149 1274 4208 Galliseuotaut.
1297 4149 1416 4205 urnam.

84 4236 192 4290 parona
212 4222 470 4290 cinanmomum
493 4224 519 4273 ia
544 4218 644 4275 ctrrsm
665 4237 729 4274 nom
750 4237 874 4288 personas
962 4218 973 4259 ¹
997 4221 1050 4276 Pro
1070 4220 1228 4285 coetesrtno.
1254 4235 1332 4290 uitem
1348 4237 1409 4274 cum
1423 4219 1559 4274 codicibus
1580 4219 1715 4290 plerisque

84 4306 138 4345 csse
148 4291 270 4359 fatentur,
281 4293 395 4360 actamnis
409 4307 459 4344 uon
474 4301 561 4357 reperit
572 4289 701 4344 Cicirrum
711 4308 727 4343 a
737 4292 819 4360 primo
833 4293 874 4345 in·
923 4297 951 4343 et
969 4291 1046 4348 editt.
1070 4293 1226 4349 melioribus
1248 4298 1397 4359 agnoscunt
1415 4290 1549 4345 lionorms
1568 4301 1594 4344 os
1608 4290 1717 4346 'iritbe-

85 4363 170 4427 [antio
180 4377 234 4416 sace
245 4363 418 4428 conceptionis
434 4362 570 4428 perfectam
585 4359 677 4425 Derim,
691 4361 808 4428 effectum
819 4377 874 4415 esse
924 4361 1003 4424 tulus,
1025 4361 1137 4434 Xynium
1161 4365 1212 4416 lroc
1237 4360 1297 4416 loco
1323 4361 1422 4416 inibant
1441 4361 1562 4428 numnam
1586 4361 1663 4432 utilit.
1688 4369 1717 4417 el

85 4433 223 4486 nrrminem.
249 4431 305 4486 Nec
319 4443 395 4485 etrum
417 4429 448 4488 11,
470 4429 596 4500 lupinam
614 4432 744 4501 appellant
763 4429 873 4486 lintrem
923 4440 1021 4498 prater
1031 4436 1099 4487 stios
1109 4433 1216 4486 codices
1226 4446 1277 4484 ms.
1289 4432 1396 4485 Corbei.
1412 4432 1464 4486 Seu
1476 4431 1501 4483 io
1517 4431 1568 4484 lroc
1581 4445 1715 4497 prostremo

85 4497 153 4564 Dei:
174 4502 262 4555 dicant
277 4508 342 4556 enim
357 4518 441 4555 necem
462 4501 548 4560 istam,
564 4500 642 4565 beas,
656 4501 785 4555 comittere
798 4501 825 4555 in
845 4517 874 4554 se
923 4499 1003 4569 liujus
1024 4502 1119 4571 eapitis
1140 4503 1175 4556 de
1196 4500 1295 4572 Xysto,
1318 4515 1334 4553 a
1358 4503 1461 4570 verbis,
1490 4501 1617 4554 Siruiiiter
1639 4502 1716 4555 etiem

86 4569 309 4637 caeremoniam
320 4581 342 4624 et
355 4572 613 4639 Spiritumsonctom,
623 4581 646 4623 et
660 4588 691 4624 cc
701 4577 875 4641 consepaenti,
922 4569 1034 4641 Xystus,
1048 4576 1155 4625 airsutrt.

84 4654 191 4694 matrem
219 4642 270 4695 dici
296 4645 409 4694 somnium
433 4641 510 4693 trium
534 4656 695 4704 personarum
717 4643 872 4695 diuinarum.
960 4642 1147 4706 sni.,aecrcm
1156 4639 1248 4712 synodi
1257 4637 1390 4694 adeersum
1399 4638 1716 4707 supradictamNestorens

82 4713 216 4776 Apirmont
235 4722 320 4765 tomen
336 4724 441 4765 nmtrem
454 4726 508 4764 essa
529 4709 577 4764 Dei
595 4709 671 4763 Verbi
687 4719 711 4764 ct
733 4709 808 4763 Filii.
824 4710 871 4764 Co·
886 4712 1037 4785 udiciaria
1050 4711 1165 4764 babilam
1186 4708 1301 4764 uolumen
1320 4711 1472 4764 describens.
1488 4712 1515 4764 iu
1530 4711 1635 4764 i'arrbei.
1651 4723 1714 4765 est:

82 4781 141 4833 istst
167 4779 314 4835 Nestorium
325 4788 349 4835 et
371 4781 493 4834 dortrnont
510 4779 635 4851 Cpriilum
658 4780 871 4836 Aiecortdrinam.
925 4781 1053 4834 decretam
1074 4779 1197 4851 synodale
1211 4781 1332 4834 adsersus
1357 4780 1490 4835 Nestorem
1506 4781 1620 4834 imbimm
1644 4785 1718 4834 uolse-

84 4847 147 4903 Non
167 4852 258 4906 isberti
272 4844 529 4921 primosecundum
548 4849 717 4920 Epinesinam,
733 4850 813 4904 nialla
823 4853 872 4906 mi·
924 4866 980 4904 oreo
992 4851 1144 4904 describens.

81 4935 131 4973 stas
144 4919 197 4974 nita
214 4922 324 4975 concilio
338 4916 509 4981 statuerentur.
522 4934 609 4988 posteo
631 4922 765 4975 celebrata.
780 4920 872 4975 diatri-
960 4918 974 4958 ¹¹
992 4922 1039 4987 tu,
1055 4921 1172 4992 perfectis
1183 4919 1292 4975 notaris.

82 4990 170 5042 monio
184 5007 284 5063 paenae
304 4992 330 5045 in
351 4990 473 5062 aradibus
486 4991 630 5060 probibitio,
644 4993 699 5046 sine
720 4993 873 5060 patriarcba
963 4991 971 5028 ¹
996 4991 1058 5046 liceo
1080 4994 1159 5047 scrita
1181 5008 1189 5045 ε
1212 4989 1337 5046 Similiter
1350 4991 1427 5043 etium
1446 4999 1473 5045 et
1495 5002 1555 5058 utrm
1568 5001 1716 5057 sentiuntur

80 5061 123 5112 soi
133 5060 234 5114 licentia
248 5060 410 5116 comroitant.
422 5060 600 5115 Patriorcirom
615 5078 665 5114 rron
676 5072 762 5115 creent
772 5079 817 5128 per
826 5064 874 5116 ele·
924 5062 957 5114 ml
979 5061 1057 5116 linem
1078 5076 1162 5132 usque
1181 5061 1295 5131 capitis,
1322 5061 1438 5124 desunt,
1473 5070 1500 5113 ut
1528 5060 1584 5112 uixi
1613 5061 1640 5114 in
1662 5052 1716 5117 rib.

80 5133 200 5195 ctionem,
210 5133 254 5186 sed
262 5148 307 5201 per
316 5132 528 5186 conontiotionem
539 5131 570 5184 tle
579 5141 682 5201 parente
693 5133 721 5185 ιἰι
731 5143 871 5201 parentem.
925 5132 971 5185 Cor
980 5133 1032 5185 bei.

81 5196 467 5272 Necodanrcmpeccatosoa
482 5201 784 5270 sorcroaticoufitenmr.
807 5198 872 5256 Tam
960 5199 1144 5257 ilbeodorus
1167 5202 1325 5273 Ancyranus
1354 5200 1398 5256 iric
1425 5208 1466 5254 est
1494 5202 1571 5263 cuius
1604 5199 1716 5263 lromiiia

79 5265 266 5339 clericsqaam
277 5272 348 5326 inicis
356 5283 541 5325 sacramentnm
549 5269 707 5324 coclearium
717 5272 744 5325 in
754 5274 873 5337 proprios
924 5280 1017 5326 contra
1036 5271 1189 5326 Nestorium
1206 5271 1305 5342 Ephesi
1322 5271 1409 5325 habita
1425 5279 1510 5324 ιιιιιιι
1530 5270 1557 5337 iu
1572 5273 1639 5324 actis
1651 5287 1716 5324 run·

80 5355 173 5393 saronas
183 5343 362 5396 administrant
375 5358 385 5396 :
399 5358 444 5396 nec
457 5344 607 5408 scrupulum
619 5348 646 5394 ιιι
659 5343 820 5412 conserendis
834 5356 874 5393 or·
923 5341 977 5396 ciiii
999 5342 1138 5408 Epiresini,
1156 5353 1222 5397 tom.
1237 5340 1259 5396 ii
1274 5341 1375 5398 Concil.
1391 5341 1456 5397 edit.
1470 5333 1582 5401 babuci,
1605 5358 1631 5410 p.
1648 5342 1715 5395 litai

80 5408 186 5464 dissitas
210 5413 346 5466 siuronioce
364 5412 472 5479 iaciunt.
498 5411 559 5466 llaec
572 5425 606 5466 ea
623 5409 765 5466 Leutsaruo
787 5412 872 5466 abele
924 5411 1003 5468 1618.
1019 5412 1175 5467 llancouim
1188 5414 1277 5481 potius
1289 5426 1305 5465 a
1318 5412 1458 5467 Geouatiio
1470 5413 1579 5480 rotellipi
1591 5407 1715 5467 osterum

78 5476 139 5533 lere
152 5483 313 5536 rermrtenus
325 5481 472 5546 hausimus,
488 5491 515 5535 et
530 5491 630 5536 nostrae
646 5480 749 5536 notitiae
762 5483 872 5549 episco-
924 5497 1003 5547 utram
1015 5483 1213 5549 expositionem
1227 5481 1339 5549 symboli
1351 5479 1554 5551 Numisianam
1566 5497 1625 5536 curu
1637 5484 1716 5536 lucu

80 5557 190 5616 paruum
215 5551 289 5606 orbis
311 5550 477 5616 Christiani,
502 5551 572 5621 tppis
603 5549 776 5606 Plautintanis
802 5550 872 5607 ibib
925 5550 1052 5606 lioistenii
1064 5552 1186 5607 versione
1199 5549 1486 5621 uulgaritiraneiseus
1496 5553 1638 5607 carilionis·
1652 5553 1716 5605 liat·

77 5619 169 5678 edita.
185 5620 231 5677 iiit.
246 5635 264 5685 ι,
278 5635 304 5676 c.
321 5623 364 5686 iii,
381 5621 551 5677 inseruimus.
563 5620 600 5675 De
614 5620 778 5676 Nestorianis
792 5629 873 5686 spirat
924 5622 1034 5676 barinus
1048 5623 1127 5678 ιιιιιιι.
1151 5620 1220 5676 tuat
1236 5623 1306 5676 iri-8⁰
1321 5631 1424 5680 etcum
1440 5637 1506 5677 stom
1524 5622 1644 5677 sessione
1667 5636 1715 5675 sua

77 5697 105 5743 et
119 5687 216 5746 taceo.
236 5692 365 5746 l'itriacus
378 5705 403 5746 a.
419 5691 453 5746 ii
476 5695 503 5745 in
526 5706 574 5746 sua
595 5689 711 5746 ilistoria
725 5690 871 5757 0rietrtaii;
926 5693 1048 5758 tantisque
1066 5688 1224 5750 Franciscus
1241 5691 1420 5751 cornioletus
1436 5693 1523 5751 Ριιίι.
1543 5693 1613 5751 tutti
1630 5696 1714 5748 ιιιϊι
