3788 6120
126 270 181 332 ω
382 194 390 217 ⁸
757 260 881 320 stnotttt
900 259 1126 319 nrutttnnnts

126 397 247 445 terranea
259 383 402 454 deliquari,
417 396 471 437 uon
490 389 520 437 ut
539 377 676 447 ductibus,
697 376 745 434 sed
759 386 788 434 ιιι
801 376 918 448 piscibus
932 381 955 439 Α
972 377 1020 433 tibi
1034 377 1149 447 amplius
1167 375 1291 434 corrlerre
1312 386 1468 447 potueruut,
1481 392 1561 448 quarn
1582 386 1613 434 ut
1626 378 1651 435 si

125 484 318 550 pauperaretur
339 494 347 533 r
371 474 416 546 qul
437 472 537 544 repulsi
560 472 587 527 iu
601 471 734 542 gurgitem
757 468 914 543 pigriorem,
970 469 1116 534 luissimus,
1133 469 1336 524 strarxsirenms
1351 467 1435 524 inniti.
1455 468 1523 523 lllud
1539 468 1668 540 peculiare

125 587 220 629 carum
235 570 330 626 rubras
344 568 414 624 albis
427 565 615 623 abdominibus
629 563 789 621 extendunt.
810 561 848 619 lta
864 562 917 619 illis
969 560 1102 626 cst,·illud
1123 560 1216 629 cratim
1238 558 1392 629 singularis,
1407 559 1478 630 quod
1504 568 1558 614 tatu
1580 559 1629 631 qni
1644 570 1668 617 tc

125 676 176 718 nec
189 659 277 717 redire
285 660 449 727 valentibus,
459 672 509 714 uec
523 656 598 713 esire
611 654 758 725 permissis,
772 654 916 726 quemdam
969 652 1058 710 lentur
1071 667 1125 709 non
1147 651 1241 719 babes,
1256 667 1336 723 qnam
1358 666 1410 707 non
1426 653 1529 707 invenis
1542 653 1589 723 qni
1604 666 1668 727 seps

126 753 215 808 ritant
231 762 259 808 et
279 749 496 808 circumlatitium
510 761 646 804 carcerem
660 746 826 816 corpulentia
843 744 916 801 lacit.
969 742 1045 800 vate.

125 843 212 900 naeus
235 842 292 914 ipse
307 854 358 912 qua
378 841 490 905 dexter,
521 838 638 905 irrcisns,
658 837 811 903 flexuosus,
824 850 918 892 tremo·
1247 831 1416 891 uniscunt
1435 833 1478 890 lli.

125 948 276 1005 rosasquc;
294 947 347 1005 qua
367 932 469 996 laerrts,
489 939 602 1001 patens,
626 927 775 997 lrerbosas,
795 928 915 999 aequalis.
1135 922 1390 995 Sidouins'b'pcqrio
1408 941 1456 979 sne
1473 926 1594 982 salutent.

126 1025 231 1096 AEquor
251 1024 286 1081 ab
307 1020 399 1080 birico
419 1021 504 1076 viride
523 1034 572 1090 per
591 1019 684 1091 littus,
700 1022 762 1090 quia
776 1021 803 1076 iu
817 1019 916 1075 undam
1004 1013 1053 1070 l'ir
1073 1015 1238 1072 clarissimus
1260 1017 1398 1088 Proiectus
1415 1017 1488 1074 domi
1504 1018 1668 1088 nobilis,st

126 1117 219 1175 troade
232 1123 374 1187 porrecta,
387 1120 417 1169 ut
437 1113 542 1185 glareas
560 1126 629 1182 aqua
642 1150 650 1178 ,
674 1111 713 1168 sic
725 1125 809 1183 aquas
823 1111 917 1168 umbra
968 1119 1118 1179 patruoque
1131 1108 1344 1179 spectabilibus,
1366 1123 1418 1166 atu
1434 1111 1515 1167 etiam
1538 1120 1668 1183 pransus

126 1207 271 1281 perluudit.
288 1205 447 1278 Huiusmodi
462 1205 581 1263 colorent
600 1205 636 1263 ab
649 1204 759 1261 oriente
771 1219 821 1276 par
835 1204 916 1262 silva·
968 1202 1110 1258 sacerdote
1124 1203 1300 1272 conspicuus,
1322 1204 1501 1260 amicitiarum
1513 1213 1631 1275 tuarum,
1646 1220 1666 1262 ra

126 1315 186 1358 runt
197 1312 297 1356 corona
307 1298 447 1355 continuat
460 1313 469 1351 a
482 1311 532 1368 per
542 1297 671 1353 Arctoum
685 1297 766 1363 latus,
780 1305 810 1353 ut
824 1296 918 1367 pclaqu
968 1294 1052 1366 spuis,
1066 1295 1220 1352 aridissime
1232 1295 1335 1351 sinibus
1350 1297 1464 1353 inlertur
1474 1315 1481 1351 :
1492 1307 1520 1353 et
1532 1312 1595 1353 curn
1606 1298 1668 1353 illil

126 1403 232 1459 natura,
247 1390 288 1447 sie
301 1390 423 1460 speciem
435 1401 451 1444 s
465 1387 590 1462 zephyro
604 1388 725 1460 plebeius
734 1400 763 1446 ct
773 1387 918 1443 tumultua-
968 1384 1105 1455 splendor,
1121 1387 1240 1456 probitas
1255 1402 1376 1456 morum,
1402 1387 1555 1459 patrimonii
1569 1387 1668 1445 lacella

126 1484 183 1538 rius
195 1481 294 1551 lrutex,
308 1480 516 1551 frequenterque
531 1479 679 1536 lemborum
697 1477 918 1549 superlabentum
969 1478 1087 1534 tentatis
1102 1477 1240 1549 alacritas,
1257 1479 1284 1534 in
1295 1494 1376 1534 omne
1388 1479 1471 1535 decus
1485 1480 1542 1550 pari
1557 1480 1668 1538 lanceat

127 1575 290 1646 pondenbns
313 1575 438 1632 iallexus.
454 1573 531 1630 lluac
552 1573 625 1630 circa
649 1572 744 1631 lubrici
767 1573 917 1642 scirporum
969 1570 1067 1636 dreat;
1087 1571 1123 1625 ita
1138 1571 1246 1627 demum
1260 1571 1310 1626 sibi
1323 1580 1412 1626 tamen
1427 1571 1563 1627 ridebitur
1575 1570 1668 1628 adare

127 1668 189 1723 cirri
204 1668 339 1738 plicantur
350 1665 486 1737 situulque
498 1665 611 1737 pinques
621 1665 743 1722 ulvarum
753 1666 857 1737 paginae
871 1681 919 1722 us·
970 1665 1151 1736 stipatissimae
1167 1664 1302 1721 felicitatis
1314 1675 1436 1730 erectus,
1449 1664 1472 1721 si
1487 1666 1583 1737 gratim
1597 1674 1668 1721 tuat

127 1767 202 1822 rant,
222 1757 387 1825 salicumque
406 1757 561 1829 glaucarum
586 1756 643 1813 lats
665 1771 774 1828 semper
795 1757 919 1818 dulcibus
932 1750 957 1812 B
972 1768 1025 1815 tate
1051 1759 1177 1829 potiatur.
1205 1757 1324 1829 Optantii
1348 1758 1492 1815 clarissimi
1519 1758 1571 1814 riri
1596 1772 1668 1826 anps

127 1851 205 1919 aquis
224 1847 385 1905 amaritudo.
398 1847 428 1904 la
452 1848 542 1905 medio
559 1847 686 1919 prolundi
702 1849 792 1906 branis
813 1849 916 1920 insula,
968 1848 1052 1905 luacti
1075 1849 1156 1904 liliam
1171 1849 1254 1921 (quod
1275 1850 1332 1906 Deo
1354 1858 1530 1921 prosperante
1547 1847 1666 1907 suaneda

127 1939 172 1996 ubi
196 1953 277 2010 supra
300 1939 417 1996 molares
444 1939 602 1996 naturaiiter
620 1947 775 2012 apparatos,
796 1957 844 2012 per
867 1943 918 1998 im·
969 1939 996 1995 ixr
1009 1940 1162 2012 coniugium
1171 1941 1287 2012 petierit,
1299 1941 1523 2012 obtinueritquea
1536 1951 1668 2013 matropt

129 2040 266 2101 pactorum
280 2044 377 2103 puncta
392 2047 528 2088 remorum
540 2033 680 2089 natalibus
689 2033 752 2090 trita
761 2034 834 2108 pyris
845 2046 917 2093 meta
968 2046 1062 2105 parum
1086 2043 1174 2089 tamen
1195 2041 1320 2089 sotorum
1346 2048 1457 2089 suorum
1484 2042 1642 2104 promotum
1661 2050 1664 2055 ·

128 2121 293 2191 protuberat,
309 2121 343 2177 ad
358 2136 437 2193 quam
451 2135 481 2178 se
493 2121 612 2193 iocunda
626 2123 765 2181 ludentum
780 2127 918 2199 naufragia
968 2125 1108 2195 ellectum,
1131 2126 1183 2182 uisi
1203 2140 1342 2183 assensum
1362 2135 1442 2182 tuam
1456 2141 1540 2198 super
1561 2127 1604 2185 bia
1618 2142 1667 2184 οι

126 2215 266 2272 collidunt.
288 2214 355 2270 llam
379 2200 463 2271 moris
484 2215 545 2272 istic
569 2217 618 2272 luit
643 2217 795 2277 certioribus
818 2221 918 2276 uostris
968 2230 1015 2273 seu
1027 2216 1168 2273 sedulitate
1181 2231 1240 2283 sua,
1254 2231 1303 2273 scu
1313 2227 1422 2288 precatu
1444 2226 1545 2275 nostrae
1558 2218 1668 2276 intereat

127 2314 141 2344 ι
154 2320 269 2377 aquaem
284 2306 490 2376 nrepautnnmn
505 2306 630 2377 Troianas
648 2309 847 2378 superstitionis
862 2310 915 2384 41
968 2307 1136 2377 adipiscitur.
1148 2307 1269 2379 Namque
1292 2308 1350 2378 ipse
1366 2317 1493 2380 quantum
1509 2310 1542 2365 ad
1564 2309 1668 2367 institut

126 2395 235 2452 imitari.
261 2396 321 2452 lant
336 2412 401 2452 sero
420 2413 485 2469 sper
500 2397 559 2470 ipse
579 2401 742 2471 (quanquam
762 2402 813 2459 boc
837 2418 917 2475 supra
968 2407 1072 2471 spectat
1086 2399 1181 2470 puellae
1203 2399 1229 2455 ia
1249 2398 1303 2471 &3
1317 2400 1404 2456 locum
1421 2400 1519 2456 mortui
1538 2401 1625 2471 patris
1637 2416 1668 2459 cu

125 2487 273 2561 debitum),
298 2490 411 2547 dillusus
425 2491 451 2547 in
466 2491 557 2560 siluis,
574 2492 660 2563 pictus
674 2494 700 2548 in
714 2495 816 2566 pratis,
835 2510 918 2568 poco.
969 2491 1172 2563 participatione
1191 2492 1332 2561 succedis,
1344 2493 1508 2550 conterenda
1528 2494 1668 2567 virginipa

126 2597 204 2640 rosus
223 2585 249 2639 iu
271 2585 393 2655 pascuis,
409 2585 436 2641 iu
449 2585 602 2656 pastoribus
616 2588 780 2656 peculiosus.
796 2589 850 2646 Sed
864 2605 917 2646 nou
968 2583 1102 2646 allectum,
1115 2585 1220 2655 patroni
1234 2585 1433 2652 auctoritatem,
1449 2586 1668 2643 tutoriselllcius

125 2676 241 2747 amplius
255 2691 358 2744 moror,
377 2691 426 2744 ue,
442 2677 465 2733 si
478 2677 584 2749 longior
597 2679 669 2750 stylo
688 2681 833 2747 tnruiaus,
848 2683 919 2738 rele·
968 2675 1041 2733 circa
1064 2676 1125 2746 qnia
1154 2675 1250 2746 dignus
1268 2690 1298 2732 es
1318 2684 1347 2731 ut
1365 2675 1462 2733 domus
1482 2685 1535 2732 tum
1555 2677 1668 2735 celeben

126 2778 232 2839 pentem
251 2776 279 2826 te
298 2780 442 2826 autumnus
455 2768 585 2826 iuveniat.
611 2771 727 2829 Proinde
745 2774 811 2830 milti
831 2776 918 2832 tribua
968 2769 1150 2840 disciplinam,
1162 2770 1241 2827 etiam
1263 2769 1356 2840 procul
1377 2772 1525 2841 positorum
1541 2778 1616 2840 petat
1634 2784 1668 2827 su

125 2857 251 2914 seniendi
262 2857 444 2926 celeritatem,
459 2875 521 2916 aaut
537 2861 666 2919 redeundi
681 2878 783 2921 moratu
798 2865 845 2922 tibi
861 2868 918 2937 ipse
968 2858 1039 2915 ⁸30¹st
1060 2859 1139 2917 detti
1158 2860 1289 2915 bonarum
1305 2860 1421 2931 Piriillm
1439 2860 1522 2929 tiron
1537 2859 1668 2933 bonfinii

126 2951 285 3018 praestabis:
306 2951 419 3008 daturus
438 2952 501 3008 binc
514 2955 641 3022 reniam,
664 2956 735 3026 qnod
759 2957 916 3016 brevitatem
968 2954 1061 3023 sponsi
1072 2953 1147 3024 proci
1159 2953 1288 3023 supplicis
1303 2953 1492 3010 uerecundiam
1504 2967 1666 3022 muneratam

125 3039 176 3094 sibi
199 3038 317 3094 debitam
342 3041 423 3110 paulu
443 3042 627 3112 scrupulosior
649 3045 761 3113 epistola
785 3050 916 3118 excessit,
968 3042 1005 3099 ita
1033 3046 1165 3116 expetitus
1191 3045 1305 3102 deberes
1333 3045 1371 3101 illi
1401 3055 1528 3116 expetere
1559 3045 1668 3118 pollicer

126 3131 189 3185 dum
204 3139 289 3187 toturn
304 3132 376 3186 ruris
389 3131 471 3188 situm
485 3134 599 3190 sollicita
614 3137 736 3205 rimatur,
752 3152 812 3208 quar
826 3151 915 3198 tamen
931 3120 954 3183 C
969 3149 1080 3191 mensus
1104 3136 1231 3207 permitte
1250 3136 1411 3209 promissam
1433 3153 1441 3190 τ
1467 3138 1529 3208 quia
1553 3138 1593 3195 sic
1617 3146 1645 3196 te
1666 3170 1668 3175 <

125 3221 300 3278 stromoreudi
322 3221 420 3278 lastidii
444 3225 533 3281 studio
553 3240 603 3283 noc
629 3238 725 3284 cuncta
747 3233 913 3301 perstrinxit.
968 3226 1033 3282 tioni
1058 3226 1120 3283 huic
1145 3228 1304 3284 meritorum
1327 3229 1397 3284 tatio
1421 3230 1562 3298 praelecit,
1588 3236 1621 3286 ut
1644 3246 1668 3284 tn

126 3311 294 3381 Quapropter
308 3313 394 3370 bonus
407 3314 523 3382 arbiter.
539 3325 567 3374 et
584 3318 679 3374 artilex
696 3319 782 3377 lectar
795 3339 847 3378 uorr
867 3341 915 3395 pn·
968 3321 1073 3390 perstiti
1088 3321 1215 3392 Optantio
1229 3322 1257 3378 iu
1272 3321 1372 3380 liberos
1384 3338 1447 3380 suos
1459 3323 1579 3381 decuerit
1591 3322 1668 3397 plusl

125 3401 213 3467 pirrum
227 3417 286 3473 quaa
301 3403 387 3473 spatia
401 3405 541 3479 describit,
556 3409 604 3465 sed
625 3410 715 3466 sillam
725 3428 785 3484 quae
799 3417 915 3488 spatiosa
968 3412 1043 3469 lule.

125 3493 296 3564 describitur,
309 3496 438 3568 prandent
451 3501 671 3568 pronuntiabunt.
689 3504 761 3564 l'ale.
1251 3505 1416 3564 crissoto
1437 3507 1469 3564 V.

404 3587 571 3649 nPtsnotn
592 3591 635 3648 ΙΙΙ.
1144 3598 1268 3656 Sidonius
1284 3600 1589 3658 Petroniosnosalntcnr.

301 3676 423 3735 Sidonias
436 3677 450 3719 b
463 3678 548 3737 Felici
557 3700 604 3739 suo
617 3685 737 3743 salutent.
1002 3690 1120 3746 loannes
1143 3691 1282 3746 familiaris
1307 3708 1383 3750 meus
1405 3695 1617 3750 inextricabilem
1637 3693 1668 3752 la}

160 3766 271 3824 Gaudeo
290 3779 327 3836 te,
345 3771 454 3828 domiuo
469 3773 566 3843 ntalor,
581 3779 756 3848 amplissimas
778 3782 916 3852 diqnitatis
967 3779 1041 3835 tbum
1053 3780 1153 3851 ”elffii
1172 3782 1328 3853 ¹¹¹¹¹¹¹5Plsscis
1343 3783 1467 3851 incurrit,
1491 3796 1519 3841 θῑ
1541 3786 1628 3842 ᾱθῆθῦ
1649 3802 1668 3843 ⁸l

125 3856 222 3911 iululas
237 3867 421 3917 corisccutum.
436 3862 489 3918 Sed
509 3864 536 3919 id
562 3866 628 3922 milti
647 3869 682 3926 ob
703 3871 754 3928 itoc
768 3874 856 3930 solum
869 3877 916 3932 dc·
967 3872 1062 3927 merila
1077 3875 1239 3941 chifilim.
1253 3877 1295 3931 tvl
1306 3887 1394 3932 leiim
1408 3878 1529 3947 scicntia,
1543 3879 1587 3936 lei
1611 3878 1635 3936 Si
1653 3896 1668 3953 q

124 3946 222 4002 stitrato
235 3947 376 4005 tabellario
390 3952 541 4008 nuntiatum
558 3970 611 4012 non
625 3959 713 4016 minus
725 3964 839 4032 gaudeo.
850 3966 915 4022 llam
966 3973 1073 4031 uestrae,
1084 3965 1106 4019 si
1122 3975 1210 4021 tamen
1223 3977 1265 4022 cst
1278 3967 1342 4036 ulla,
1354 3969 1449 4027 siusilis
1459 3971 1620 4041 inspexerit,
1633 3988 1668 4045 qs

125 4038 187 4095 licet
201 4039 441 4111 iutpsoescntiamm
460 4043 497 4101 sis
513 4046 668 4116 potissimus
688 4054 874 4124 magistratus,
889 4068 916 4114 ct
966 4064 1045 4124 spuet
1070 4058 1168 4127 quidm
1190 4069 1264 4130 optet
1286 4061 1400 4132 ignorat.
1428 4061 1464 4117 lta
1485 4079 1515 4120 se
1535 4064 1655 4135 quodam

124 4128 151 4183 in
168 4129 238 4184 lares
257 4128 442 4204 Philagrianos
458 4137 586 4204 patricius
608 4153 676 4209 aper
698 4143 778 4199 tantis
793 4155 917 4214 postem·
967 4146 1101 4217 bipcrtitae
1126 4150 1178 4205 titis
1200 4153 1284 4208 torma
1308 4152 1457 4221 confundit,
1479 4165 1509 4210 ιιι
1530 4155 1668 4227 propositi

124 4227 201 4292 culis,
212 4237 255 4281 tua
269 4236 370 4283 tantum
382 4227 689 4290 lelicitateretueavcrit:
699 4236 804 4293 iuvenis
815 4248 913 4306 tamen.
966 4254 1046 4310 quem
1059 4241 1173 4298 actionis
1186 4242 1307 4299 ordinem
1323 4255 1531 4316 propugnatura,
1554 4263 1637 4319 quem
1656 4262 1668 4304 s

124 4316 165 4372 tir
187 4319 365 4375 artricitiarum
390 4321 613 4390 semaxrttsnme,
641 4327 756 4393 qualiter
784 4329 915 4388 botrorum
968 4341 1126 4401 pugnatura,
1143 4350 1196 4387 ttott
1220 4335 1341 4391 nouerit.
1364 4334 1416 4392 Pro
1435 4352 1488 4408 qun
1505 4353 1613 4407 precem
1636 4353 1668 4397 sc

124 4419 229 4465 tuorum
254 4421 359 4468 crescat
385 4414 575 4472 communione
612 4416 768 4489 laistipium,
800 4437 914 4494 raroque
968 4422 1060 4491 irrado,
1073 4433 1103 4479 nt
1117 4426 1263 4495 perpensis
1273 4426 1403 4483 chartulis
1413 4430 1480 4495 suis,
1493 4431 1515 4485 si
1528 4430 1593 4500 quid
1607 4432 1668 4501 iura

123 4514 222 4567 ponere
244 4503 360 4572 ¹exempli
381 4505 548 4561 altitudinem
569 4515 641 4562 tuam
663 4508 813 4569 humiliate
832 4515 914 4570 subli-
928 4490 952 4549 ⁰
967 4517 1031 4584 petit
1057 4517 1216 4583 lustumtis;
1248 4534 1308 4589 qum
1331 4520 1480 4589 qualiterve
1503 4523 1557 4579 siut
1587 4522 1668 4595 ‹xojni

124 4602 191 4643 ritas.
207 4589 253 4644 Sic
276 4594 409 4660 quondam
431 4596 464 4663 Q.
488 4595 598 4652 Fabium
618 4599 774 4671 magistrum
793 4606 912 4675 equiturn
964 4621 1024 4676 qnae
1048 4609 1190 4665 retcttcnna
1210 4619 1400 4667 monstrantes.
1423 4611 1482 4668 Nou
1504 4615 1576 4669 euiut
1591 4615 1668 4673 rarsi

124 4680 266 4736 dictatorio
287 4684 386 4753 ripori,
401 4695 429 4741 et
454 4688 602 4758 Papiriano
622 4693 757 4763 superbia
774 4694 851 4753 lavor
865 4713 913 4766 pu·
970 4697 1040 4767 quod
1065 4713 1116 4754 cau
1131 4716 1154 4754 m
1172 4700 1251 4755 istius
1270 4716 1374 4768 cursus,
1398 4704 1420 4758 si
1442 4703 1478 4759 de
1500 4707 1583 4761 restri
1607 4720 1668 4762 man

124 4771 208 4826 uticus
234 4773 360 4841 pretulit.
386 4775 440 4846 42
464 4778 509 4833 Sic
530 4789 557 4834 et
579 4779 630 4836 Cn.
655 4783 809 4854 Pompeium
833 4802 914 4857 snper
965 4790 1165 4858 lentecousilri,
1186 4794 1239 4848 ulla
1249 4795 1473 4852 contrastantium
1486 4796 1668 4856 derisatlouet

123 4864 234 4921 mittulos
248 4867 344 4921 extulit
367 4883 503 4938 uunquam
524 4870 643 4929 lastidita
671 4878 845 4947 popularitas.
869 4882 914 4938 Sic
965 4889 1018 4937 tut.
1033 4880 1110 4939 Vale.

123 4956 248 5012 insidiam
260 4958 429 5017 Tiberianam
442 4963 538 5030 pressit
549 4965 731 5023 uniuersitatis
740 4984 833 5028 amore
846 4972 914 5029 Ger·
1214 4974 1269 5047 M
1278 4976 1441 5034 uniscunt
1455 4979 1499 5035 vt.

123 5046 253 5101 nustricus.
262 5047 393 5114 Quocirca
408 5050 529 5108 nolnsibi
541 5053 576 5110 de
586 5059 758 5114 successibus
773 5060 826 5117 tuis
838 5063 912 5132 prin·
1143 5063 1266 5120 Sidonius
1282 5065 1390 5138 chnsio
1402 5085 1449 5123 sno
1459 5070 1577 5126 salutern.

123 5136 218 5207 cipalis
238 5138 368 5195 bcucllcia
393 5142 538 5212 plurimum
558 5145 749 5216 blandiantnr;
772 5166 832 5221 quae
846 5154 913 5211 nilril
1001 5156 1209 5213 Proverbialiter
1221 5159 1329 5216 celebre
1351 5167 1394 5217 est
1415 5176 1486 5233 saepe
1501 5176 1605 5221 moratu
1619 5178 1668 5225 sss

158 5284 172 5314 ⁸
186 5275 327 5331 bnurtcam
339 5280 535 5349 naumachiam,
544 5298 596 5355 qna
604 5285 705 5342 AEneas
714 5287 747 5343 ad
760 5289 912 5362 Drepanum
966 5298 1076 5368 tnlatur,
1091 5314 1143 5356 non
1158 5310 1200 5356 est
1214 5301 1378 5368 consulatus,
1395 5302 1518 5373 adquam
1532 5303 1605 5361 Pella
1621 5320 1668 5363 uxta

122 5347 230 5455 bichiliau,
245 5349 313 5417 patri
328 5351 485 5432 parentatu,
501 5351 535 5408 dc
549 5369 601 5424 qua
616 5358 712 5440 tinelli.
725 5373 752 5414 r.
964 5371 1102 5436 perventu
1127 5371 1173 5425 sed
1194 5374 1362 5443 patriciatus,
1378 5374 1455 5443 cuius
1472 5385 1603 5444 praterea
1625 5384 1668 5437 las

186 5417 280 5487 liapno
291 5414 382 5486 Pelrct,
396 5418 484 5491 llagnt
495 5426 646 5480 exconsulis
661 5429 726 5483 lrlto.
742 5428 797 5486 llas
809 5431 881 5488 anim
895 5448 911 5488 a
965 5436 1119 5496 Gerrnadius
1132 5441 1159 5498 in
1173 5441 1281 5498 Pausto.

123 5486 259 5558 Plxilapriu
274 5488 385 5557 patricio
409 5491 536 5549 oriundos
556 5494 656 5552 diserte
676 5498 769 5555 scribit
783 5499 912 5570 Propern·
1002 5519 1013 5548 t
1030 5510 1090 5566 l'uit
1106 5522 1195 5567 tamen
1209 5523 1299 5583 postea
1321 5513 1448 5582 patricius
1460 5523 1488 5571 et
1503 5515 1561 5584 ipse
1574 5516 1668 5577 Siduat

125 5557 207 5681 giemi
230 5568 259 5643 ¹¹!
276 5560 384 5641 mum
399 5565 667 5645 ‘¹⁰⁰‘¹'¹⁰·‘¹¹¹i¹¹⁵¹¹¹¹¹¹
693 5572 718 5622 ⁵¹¹
739 5573 910 5654 Piltli'iw·
965 5588 1081 5663 patere.
1095 5584 1174 5650 aaut·
1191 5582 1225 5637 ¹⁶
1238 5582 1271 5665 ai
1284 5582 1475 5666 pnimitum,
1492 5585 1539 5642 nu.
1561 5603 1590 5657 v,
1610 5600 1668 5649 ne

125 5658 182 5753 {um
197 5628 911 5787 022¹:ffifflfflfflg‘fflgffl'ltlgfflllkle'fltfflti‘cg:
965 5659 1042 5708 mcttt
1055 5650 1194 5711 Claudiani
1206 5653 1369 5711 dedtcatorra
1381 5653 1417 5711 ad
1427 5655 1579 5715 Sidonium.
