3788 6120
122 258 165 318 rs
774 247 1013 309 uetsrottnutt
1032 247 1095 305 stu.
1117 249 1136 304 ι.
1681 205 1691 219 ’
1716 243 1750 299 ιι

123 377 247 441 diseno,
272 372 331 444 pari
351 378 438 425 tamen
451 367 559 434 affectu,
580 364 656 436 quasi
679 380 732 421 uno
744 371 874 420 concentu
887 363 914 416 in
929 361 1157 423 recommendare
1172 372 1224 413 nou
1241 359 1384 427 possimus,
1397 355 1491 414 saltem
1507 361 1549 412 ret
1560 356 1661 428 paginis
1675 369 1751 414 mau-

124 466 232 522 iaudem
254 461 357 535 proprii
380 456 496 514 auctoris
514 465 677 525 erumpunt,
714 465 742 510 et
757 453 912 523 potentiam,
967 453 1033 508 dare
1045 465 1178 506 curemus.

123 573 207 628 quam
226 565 353 624 promere
375 557 520 618 nequeunt,
543 545 643 601 sentire
661 560 691 600 se
712 544 837 614 produnt.
858 541 915 595 lloe
1267 557 1373 616 Epgsq‘
1396 558 1450 614 qn·

124 660 244 714 mque
257 653 379 710 ΜΡΝ
394 637 481 694 “mu
493 636 567 692 ⁰¹¹)ss
585 636 689 706 'pech‘
701 633 819 688 “imvm
834 645 914 700 '⁸⁹³'
967 650 1075 705 Domino
1095 666 1142 704 suo
1164 649 1324 720 peculiariter
1346 649 1372 702 iu
1394 648 1494 702 Curius
1514 659 1622 721 patrono
1642 648 1750 706 baucio

124 749 212 794 ratur.
228 736 265 791 tis
276 732 403 805 quidquid
414 732 440 784 in
456 745 489 785 eo
503 729 554 783 situ
568 727 730 798 squalidum,
745 724 844 793 frigore
857 733 914 776 tur·
1228 721 1346 790 episcopo
1363 718 1491 772 uernans.

124 833 230 892 bidum.
241 827 328 898 glacie
340 831 506 884 concretum,
518 820 638 876 nuditate
651 817 781 883 deforme,
791 815 915 870 ariditate
1000 810 1085 879 Quam
1101 827 1144 866 me
1157 811 1269 881 diligere
1289 819 1379 864 sancta
1403 811 1496 878 pietas,
1517 815 1545 864 et
1564 809 1606 880 pia
1625 811 1750 865 sarrctitas

123 927 321 992 praemortuum
336 916 465 968 hacteuus
486 910 545 974 fuit,
564 907 597 965 ad
612 909 696 964 instar
710 905 915 962 resurrections
966 913 1053 959 nstra
1075 906 1200 976 dignetur
1221 906 1378 961 multimodo
1401 904 1521 976 probatis
1543 903 1659 968 auectn,
1684 903 1749 957 dunt

124 1012 256 1081 emergit:
283 1019 313 1062 ιιι
336 1007 422 1061 discat
443 1003 558 1057 bumana
580 999 709 1069 fragilitas
722 997 755 1053 de
769 995 915 1051 visibilibus
965 994 1075 1065 legenda
1088 997 1277 1062 transmittitis,
1302 1009 1328 1052 et
1342 996 1462 1065 neglecta
1474 995 1615 1066 corrigitis,
1630 993 1751 1048 dileetio·

124 1099 283 1162 inrisibilia,
304 1103 333 1152 et
346 1092 378 1150 de
394 1090 570 1161 presentibus
591 1089 678 1143 futura
701 1099 872 1155 cogno-cere,
888 1092 916 1139 et
966 1100 1026 1140 netu
1038 1085 1172 1156 diligendo
1183 1087 1349 1157 provocatis;
1365 1098 1392 1142 et
1405 1087 1476 1157 quod
1492 1086 1749 1156 presterneretur,

123 1207 205 1263 spern
220 1183 465 1243 renturometioris
479 1182 574 1257 aetatis,
585 1178 704 1248 deposita
717 1173 915 1243 desperatione,
965 1173 1067 1230 docetis
1089 1177 1230 1246 exemptis.
1251 1177 1303 1232 Seu
1325 1179 1449 1248 quoniam
1471 1192 1562 1232 geme„
1585 1186 1703 1233 ,emm
1724 1177 1750 1230 j„

125 1280 268 1350 pereipiat.
284 1277 359 1331 Nune
372 1275 451 1327 etiam
467 1272 545 1326 tellus
559 1269 643 1324 sterili
663 1267 750 1336 rigore
763 1264 914 1330 conclusas,
966 1272 1036 1319 terra
1052 1267 1292 1322 sterilietdumusa
1306 1282 1358 1322 nou
1373 1267 1488 1333 prolicit,
1498 1275 1658 1336 utpotequas
1668 1267 1750 1322 senti·

124 1370 205 1438 quasi
219 1367 289 1424 ririli
303 1365 406 1420 semine
421 1362 470 1416 boc
484 1375 567 1416 necno
581 1367 701 1428 tentpore
714 1364 852 1424 concepto,
868 1369 915 1408 uc·
967 1355 1016 1410 bus
1027 1359 1289 1423 supercrescentibus
1306 1357 1502 1424 suffocatur‚ne
1520 1358 1589 1413 sieut
1606 1357 1751 1412 infructuo-

125 1460 208 1518 cullss
217 1459 341 1513 m²ri¹²¹²
354 1453 496 1517 menibus,
510 1463 592 1505 iem
611 1449 682 1503 ¹²¹³ss
701 1449 734 1500 ad
750 1454 866 1514 partum.
883 1443 917 1498 Et
966 1461 1023 1501 sam
1034 1449 1106 1502 illarn
1118 1449 1255 1504 ficulneam
1269 1465 1310 1503 me
1318 1449 1408 1518 jubeat
1421 1442 1547 1503 bominus
1557 1450 1653 1516 vinee,
1671 1463 1750 1518 quam

125 1553 191 1607 ltine
200 1548 273 1622 quod
288 1546 391 1603 deliciis
404 1557 496 1603 suave,
509 1540 580 1610 quod
592 1539 650 1594 esui
669 1536 758 1599 clulee,
774 1537 844 1604 quod
857 1534 916 1589 usui
968 1545 1041 1592 tanto
1055 1549 1176 1608 tempore
1189 1541 1365 1609 nequidquam
1387 1547 1533 1608 exspectat.
1546 1537 1682 1603 abscindi;
1704 1553 1752 1592 ros

124 1645 203 1708 utile,
215 1639 289 1711 quod
301 1638 382 1692 victui
396 1632 587 1698 necessarium,
599 1629 669 1699 quod
681 1627 749 1682 visui
759 1624 915 1695 jucundum,
968 1628 1131 1684 severiorem
1144 1632 1304 1684 sententiam
1321 1629 1422 1683 orando
1433 1627 1549 1696 differte,
1561 1628 1752 1684 donecdoetri·

124 1735 199 1805 quod
211 1733 324 1787 olfactui
339 1736 453 1798 gratum,
478 1722 548 1794 qnod
573 1721 653 1776 tactui
677 1719 814 1786 blandum,
838 1730 918 1772 omne
933 1730 956 1791 B
970 1734 1011 1772 naa
1036 1720 1158 1775 nestrael
1182 1720 1341 1792 pinguedine
1365 1730 1488 1792 tanquam
1510 1731 1587 1776 terra
1603 1720 1752 1776 amaritudo

127 1824 265 1897 producit.
293 1819 431 1890 Siquidem
456 1813 514 1869 baec
536 1822 578 1869 est
605 1812 648 1866 ilia
675 1809 834 1879 temperies,
858 1821 918 1876 quse
969 1807 1131 1863 infructuosa
1154 1810 1299 1866 dulcescat.
1324 1809 1516 1879 sedquoniam
1538 1809 1752 1879 plussnntapucl

127 1916 223 1975 mundi
240 1915 376 1970 ramentis
391 1907 540 1972 materiam,
565 1903 639 1974 quasi
660 1902 747 1957 adbuc
768 1901 794 1954 in
810 1900 919 1954 ittcuna·
968 1912 1012 1953 me
1021 1898 1117 1954 delicta
1130 1914 1209 1970 quam
1234 1900 1330 1966 rerba,
1353 1916 1404 1956 nec
1426 1916 1533 1970 possum
1557 1900 1626 1957 faeta
1645 1902 1753 1971 expiare

127 2008 201 2064 bulis
216 2015 338 2060 unctam
361 2002 388 2055 in
402 1997 504 2068 gremio
527 1993 642 2064 quodam
654 1991 868 2047 clementissime
881 1989 919 2042 al·
967 1989 1150 2055 sermonibus,
1174 1989 1330 2059 obsequium
1350 1990 1446 2046 saltem
1458 1990 1603 2060 epistolare
1618 1990 1752 2059 dependo,

127 2098 205 2154 tricis
215 2093 358 2163 complexu
373 2087 500 2150 nutririt;
515 2101 548 2140 ne
558 2083 736 2138 substantiam
747 2081 819 2135 nullo
829 2079 919 2134 labore
968 2084 995 2131 et
1009 2076 1114 2143 librum,
1139 2094 1217 2149 quern
1239 2080 1434 2148 praestiteratis,
1459 2081 1651 2139 mareistais„
1669 2080 1752 2149 gigni.

126 2191 253 2250 duratam
276 2190 323 2251 apt
345 2181 453 2236 ustinus
474 2176 565 2232 ferror
577 2179 713 2239 exureret,
734 2179 780 2226 aut
798 2169 919 2226 hiemalis
968 2164 1028 2220 fico.
1043 2166 1142 2230 Alium,
1165 2169 1210 2237 qui
1234 2167 1381 2224 identidem
1399 2170 1496 2225 vestris
1510 2171 1601 2225 usibus
1626 2184 1754 2225 nunone-

125 2282 207 2350 slgor
221 2277 413 2344 exstingueret,
436 2278 482 2324 aut
505 2275 645 2322 rentmum
667 2265 749 2319 fiabra
769 2269 916 2333 portarent.
968 2255 1099 2310 cassarius
1114 2269 1232 2325 nonest,
1254 2273 1334 2328 spero
1359 2274 1406 2328 per
1427 2259 1581 2328 portitorem
1596 2258 1689 2314 harum
1704 2273 1750 2313 ce·

127 2371 217 2426 liabet
230 2368 319 2436 itaque
330 2371 470 2430 susceptus
483 2369 545 2415 taus
558 2354 839 2414 convenientissimum
852 2362 919 2409 tem.
968 2345 1047 2399 suitti.
1058 2344 1177 2401 lubeatis
1186 2348 1265 2403 simul
1276 2349 1347 2418 quod
1360 2351 1381 2404 si
1394 2350 1507 2420 propitio
1517 2350 1612 2406 lieoad
1624 2349 1753 2405 solemni·

125 2475 190 2530 pars,
206 2472 261 2528 quo
284 2455 366 2510 animi
381 2450 504 2508 socordia
525 2448 632 2505 tandem
651 2445 793 2517 aliquando
808 2452 822 2482 ⁸
835 2445 919 2515 depo·
968 2444 1049 2491 tatem
1061 2450 1213 2494 sanctorum
1224 2440 1344 2510 gurdone
1355 2440 1453 2497 abituri
1472 2442 1543 2506 sitis,
1557 2440 1753 2496 recurrentibus

124 2555 192 2619 sita,
205 2548 396 2605 hebetudinem
408 2545 498 2601 cordis
510 2551 632 2599 exacuat.
644 2539 706 2595 Etsi
717 2539 787 2594 inter
798 2537 919 2593 nomines
968 2527 1037 2584 scite
1050 2527 1161 2584 faciatis.

125 2643 283 2698 declamare
295 2656 350 2694 non
362 2645 461 2708 potest,
474 2636 568 2691 saltem
581 2635 652 2689 inter
660 2630 776 2703 mundes
787 2629 916 2695 claritate,
1265 2666 1375 2722 Epm·
1396 2666 1463 2723 vm·

125 2742 176 2787 arnt
189 2733 260 2786 inter
271 2729 396 2784 uolucres
404 2727 506 2798 garrire
519 2724 637 2780 festinet.
970 2749 1080 2805 Domo
1090 2767 1136 2806 m
1153 2756 1276 2837 peculiosi
1291 2757 1317 2810 in
1329 2756 1429 2812 cmm
1441 2758 1550 2811 Domino
1566 2767 1674 2828 ponam
1686 2767 1698 2798 ο
1710 2757 1753 2815 εἰ·

441 2855 549 2912 EppsT,
569 2853 614 2911 vl,
1187 2824 1265 2880 danto
1276 2828 1393 2896 episcopo
1407 2827 1538 2882 durium.

125 2953 243 3010 uasto
255 2959 343 3008 suasu
357 2957 382 3005 et
392 2947 504 3020 piissimo
512 2943 593 3028 ‘Patri
607 2942 754 3012 Nepotiane
772 2939 918 3013 proluere
1005 2933 1215 2992 Praedieantibus
1230 2939 1317 3006 scibis,
1338 2941 1437 3008 sepius
1459 2941 1566 2997 audisse
1586 2956 1630 2997 me
1651 2943 1753 3013 recolo,

453 3017 583 3072 Rursum.
971 3026 1122 3082 nullatenus
1136 3028 1171 3082 ab
1191 3029 1374 3101 iniquitatibus
1395 3047 1445 3089 nos
1466 3047 1546 3103 posse
1564 3034 1682 3103 purgum,
1704 3032 1754 3090 nisi

165 3132 279 3190 Codices
299 3145 367 3202 quos
389 3128 516 3185 sanctitas
535 3132 625 3181 restra
644 3120 792 3178 transmisit
815 3118 917 3189 accepi,
933 3078 956 3142 c
971 3117 1098 3203 fuerimus
1113 3120 1224 3174 erimina
1239 3131 1341 3192 nostra,
1364 3125 1527 3180 conscientia
1547 3135 1753 3197 compungente,

126 3223 283 3294 eloquentia
299 3222 399 3286 claros,
423 3216 535 3273 scientia
558 3215 700 3286 periectos,
719 3211 840 3267 doctrina
855 3225 921 3282 pro·
970 3206 1096 3262 confessi.
1121 3207 1188 3277 Quis
1201 3212 1282 3273 enim,
1308 3227 1362 3266 non
1383 3213 1470 3268 dicam
1491 3193 1629 3286 consequi,
1650 3217 1698 3272 scd
1712 3217 1754 3272 rel

127 3318 194 3379 bos,
209 3313 271 3368 quet
282 3313 397 3380 pariete
411 3308 579 3378 perspicuos;
595 3305 639 3374 qui
651 3317 787 3359 sacrorum
801 3304 922 3357 tetimo-
971 3313 1093 3367 querere
1107 3310 1188 3369 queat
1206 3302 1407 3372 indulgentiam,
1432 3305 1483 3360 nisi
1497 3305 1674 3377 deplorationi
1688 3321 1756 3362 con-

128 3410 239 3461 „gomm
254 3403 378 3458 „pepusa
392 3399 546 3469 locupletes,
570 3395 728 3450 auctoritate
752 3401 919 3462 prestantes,
972 3389 1116 3445 fessionem
1126 3391 1226 3447 erroris
1236 3391 1457 3463 adjungatlQuia
1467 3409 1543 3450 error
1553 3396 1754 3466 indulgentiam,

127 3495 348 3562 tucetutgentes,
373 3491 451 3546 facile
471 3496 498 3543 et
512 3486 627 3541 fidelium
643 3493 746 3540 mentes
758 3483 918 3548 illuminent,
972 3494 1024 3534 nou
1047 3481 1212 3550 induigentia
1233 3483 1344 3551 requirit
1362 3498 1493 3538 errorem.
1515 3470 1592 3550 Quod
1615 3501 1665 3555 ego
1679 3486 1757 3541 ratde

128 3599 159 3642 et
176 3584 323 3639 infidelium
333 3593 440 3637 errores
448 3579 572 3649 detegant
583 3586 662 3645 atque
670 3575 839 3629 contineant.
850 3574 921 3639 Quo·
971 3580 1061 3624 serum
1077 3584 1137 3624 esse
1151 3584 1327 3640 cognoscens,
1343 3572 1446 3626 lacinus
1460 3587 1548 3628 meum
1563 3575 1758 3644 unpecadmis·

132 3693 194 3732 run
206 3688 256 3744 ego
268 3680 347 3743 gustu
359 3669 503 3724 admodum
520 3665 593 3721 tenui
607 3664 734 3734 pellectus
748 3665 921 3732 potiusquam
971 3675 1042 3729 sum,
1065 3661 1156 3731 pietati
1179 3673 1277 3716 vestm
1301 3662 1418 3717 indicare
1440 3678 1493 3718 tion
1513 3662 1615 3720 distuli.
1629 3664 1668 3720 fle
1686 3665 1757 3734 quod

133 3766 262 3827 refectus,
287 3763 320 3816 ad
334 3760 481 3815 satietatem
495 3765 603 3828 propter
626 3753 818 3810 sollicitudines
831 3751 922 3807 sarculi
972 3752 1052 3807 modo
1063 3751 1193 3823 prodente
1204 3768 1247 3807 me
1256 3760 1360 3821 spectat
1373 3753 1406 3809 ad
1426 3753 1543 3824 reniam,
1565 3765 1671 3813 amate
1685 3766 1758 3827 post-

133 3857 278 3928 perveuire
291 3868 344 3909 non
367 3853 452 3922 potui.
468 3850 543 3904 Sicut
556 3848 627 3903 enim
640 3845 795 3902 stomaetms
808 3859 868 3898 cnm
883 3841 922 3897 fe·
973 3843 1081 3898 modum
1094 3844 1241 3911 pertineret
1252 3842 1285 3899 ad
1299 3845 1416 3915 culpam.
1439 3845 1554 3918 Sedjam
1571 3849 1656 3918 ipsum
1667 3846 1757 3906 dolum

133 3951 224 4004 briam
240 3948 337 4001 ardore
348 3943 516 4012 decoquitur,
532 3939 624 3994 dulces
647 3936 698 3991 sibi
710 3945 772 3990 ante
784 3935 859 3990 cibos
872 3947 922 3989 nee
973 3935 1133 4003 proferimus
1146 3934 1174 3989 in
1190 3934 1318 3989 medium.
1334 3936 1409 3990 Furti
1422 3951 1466 3990 me
1479 3939 1557 3993 robis
1569 3955 1644 3994 reum
1658 3950 1757 4004 tutuo,

131 4041 241 4094 notatos
254 4051 302 4092 ore
314 4033 418 4103 recipit,
441 4046 490 4085 nee
506 4028 618 4099 requirit
631 4027 749 4093 ablatos;
772 4025 808 4079 ita
821 4030 849 4079 et
861 4019 921 4076 ani·
973 4033 1001 4080 et
1014 4024 1165 4095 depositum
1179 4035 1296 4081 vestrum
1307 4041 1361 4090 me,
1372 4027 1556 4097 ignorantibus
1567 4031 1653 4097 robis,
1667 4030 1759 4086 illicite

133 4143 196 4183 cons
207 4124 350 4180 mundanis
358 4121 536 4182 anxietatibus
549 4119 673 4188 curisque
681 4115 829 4181 confectus,
843 4110 922 4182 spiri·
974 4119 1176 4188 presumpsisse
1196 4119 1350 4189 pronuntio.
1372 4120 1447 4189 Quod
1461 4130 1490 4177 ut
1503 4131 1591 4177 tamen
1605 4124 1758 4178 committe·

133 4219 204 4275 tales
217 4219 301 4285 dapes
314 4229 365 4270 nee
375 4212 512 4268 desiderat
524 4210 659 4275 absentes,
674 4223 724 4263 uee
737 4205 821 4274 carpit
837 4217 922 4274 appo·
975 4227 1043 4274 rem,
1054 4212 1225 4266 occasionem
1241 4211 1413 4283 perpetrandi
1433 4212 1558 4269 facinoris
1573 4228 1620 4269 rus
1633 4213 1757 4275 dedistis,

134 4313 213 4372 sitas,
237 4321 287 4363 nec
309 4304 391 4360 sentit
414 4303 527 4380 infusas.
548 4300 692 4368 Quacum
719 4296 753 4352 ita
778 4309 809 4350 se
830 4293 857 4348 in
880 4308 922 4349 cue
973 4298 1019 4358 a’ut
1034 4311 1165 4359 tentantes
1179 4304 1519 4373 cupidum,autindoetum
1533 4306 1759 4377 erudireeupiau-

135 4402 265 4465 babeant,
276 4411 323 4451 ros
331 4405 420 4450 huten
431 4404 459 4449 et
471 4391 506 4462 pii
517 4392 633 4461 parentis
641 4388 773 4461 probastis
787 4385 920 4450 affectum,
938 4405 1025 4492 ⁰10⁸,
1041 4395 1164 4451 cndioem
1188 4412 1312 4466 namque,
1336 4412 1415 4467 quem
1429 4399 1463 4452 «ιθ
1476 4397 1558 4453 pam
1574 4413 1635 4454 meo
1648 4397 1759 4454 [gonaro

136 4502 166 4549 et
180 4489 288 4545 solliciti
313 4483 431 4555 mimi?
453 4481 648 4545 ministerium,
672 4487 697 4533 ⁰¹
719 4476 804 4533 ⁸01¹ssst
826 4476 921 4532 medici
976 4501 1019 4542 me
1029 4487 1149 4557 recipere
1161 4487 1310 4556 jusseratis,
1334 4488 1501 4543 transtulisse
1515 4505 1558 4544 me
1573 4489 1668 4546 fateor.
1682 4490 1757 4558 Quod

136 4580 268 4651 implestis
289 4577 417 4635 afliciunt,
440 4580 469 4626 nt
489 4571 534 4625 tali
557 4570 638 4625 tedio
657 4568 787 4623 laboranti
803 4566 920 4623 medica·
976 4579 999 4632 si
1010 4577 1141 4648 probatis,
1156 4574 1170 4614 d
1185 4577 1314 4647 ignoscite
1324 4594 1332 4641 ;
1343 4577 1365 4631 si
1380 4578 1525 4646 imputatis,
1538 4582 1682 4649 agnoscite.
1693 4581 1757 4648 Quia

138 4687 228 4729 niente
240 4683 358 4738 congrua
374 4665 526 4720 mitteretis.
551 4661 653 4728 Quibus
676 4668 704 4716 ct
718 4670 826 4730 propter
841 4660 925 4729 negli·
977 4666 1136 4722 confessioni
1158 4669 1264 4735 querela
1287 4665 1413 4722 sociatur.
1437 4666 1503 4722 Nam
1519 4670 1632 4737 primum
1647 4679 1676 4721 ut
1696 4685 1757 4726 enm

138 4762 256 4833 gentiam
272 4771 359 4812 snum
378 4769 428 4823 ego
449 4767 502 4808 nou
525 4751 602 4806 valeo
617 4750 741 4819 consequi
756 4749 922 4820 sospitatem.
978 4755 1093 4823 l··gerem
1106 4755 1227 4809 noluntas
1238 4753 1353 4823 impulit.
1374 4755 1475 4812 Deinde
1488 4756 1533 4812 ille
1548 4766 1575 4811 ut
1598 4741 1756 4814 transferre·

140 4840 922 4916 Vestameupcreipietisajustorepansutoremercedem,
977 4854 1021 4902 tur
1043 4845 1165 4902 extorsit.
1189 4845 1255 4901 Nam
1279 4862 1339 4902 cum
1364 4848 1398 4904 de
1425 4848 1538 4918 dapibus
1566 4851 1649 4919 ipsius
1671 4850 1755 4909 aditus

141 4944 186 5012 qui
201 4941 280 4996 etiam
294 4951 343 5006 pro
355 4935 465 5004 ingratis
476 4942 566 5003 grates
585 4932 727 4987 benevolas
746 4932 845 4987 referre
858 4946 923 4986 eun·
977 4952 1060 5003 panca
1072 4937 1206 5003 libassem,
1230 4937 1318 4992 taliter
1336 4954 1380 4995 me
1399 4950 1478 5010 gustu
1494 4941 1642 4998 illecebrosi
1656 4945 1758 5013 saporis·

140 5035 238 5088 suerit
251 5029 350 5082 florum
364 5039 413 5093 ego
428 5022 601 5093 praefatorum
617 5022 736 5077 codicum
750 5036 842 5086 unum,
857 5022 927 5074 sicuti
975 5028 1070 5096 illexit,
1082 5037 1111 5081 ut
1126 5027 1203 5096 printi
1215 5028 1411 5098 quodammodo
1433 5035 1550 5100 parentis
1565 5033 1692 5102 imitator,
1707 5033 1760 5087 lio·

140 5120 268 5192 jussistis,
291 5114 399 5181 retium,
424 5113 504 5167 allum
518 5113 619 5178 remisi,
635 5127 714 5181 quem
731 5110 761 5166 S.
776 5110 867 5164 llilarli
884 5111 927 5165 Pi·
976 5119 1048 5171 mino
1071 5127 1181 5186 repente
1194 5124 1360 5187 contemptu,
1384 5121 1416 5172 ad
1436 5122 1586 5178 satietatem
1610 5123 1758 5177 studuerint

143 5227 227 5269 ctarae
250 5207 325 5263 urbis
347 5205 474 5260 antistitis
501 5217 563 5258 esse
593 5203 730 5257 noveritis.
761 5200 836 5269 Quod
864 5202 925 5270 quia
977 5208 1130 5274 peruenire;
1156 5206 1293 5276 magisque
1307 5210 1448 5264 consilium
1464 5213 1600 5267 suadentis
1615 5229 1694 5282 quam
1709 5213 1759 5265 iru-

143 5300 341 5375 praeceperatis,
366 5295 485 5350 indicare
507 5295 608 5371 curari.
624 5292 700 5346 lltcne
714 5306 777 5345 nero
792 5299 924 5346 retentum
978 5299 1079 5366 perium
1090 5295 1252 5352 dominantis
1266 5298 1406 5356 audierim.
1422 5301 1488 5356 Nam
1500 5311 1529 5357 nt
1542 5303 1629 5357 omnia
1644 5299 1760 5372 pectoris

144 5392 295 5468 permittitis
318 5386 480 5455 transferre;
502 5385 632 5455 disposui,
654 5395 682 5438 ιιι
700 5382 771 5453 quod
788 5383 923 5439 memorie
978 5387 1029 5442 mei
1051 5400 1147 5442 arcana
1169 5387 1353 5455 manifestem,
1376 5390 1486 5447 uidebar
1509 5392 1574 5447 mibi
1593 5389 1654 5445 libri
1677 5388 1760 5460 ipsius

180 5543 193 5573 ι
208 5524 257 5586 ils.
272 5528 300 5584 iti
314 5524 435 5594 margine
443 5522 574 5576 demate
1014 5518 1758 5590 ⁶Fuitdrvcrnorumepisc„isqueceleberrimus.Btsu.

177 5607 190 5644 t
207 5602 269 5659 us„
280 5595 411 5666 pinguius.
1012 5588 1026 5624 ⁴
1038 5588 1058 5643 F
1059 5599 1118 5646 orte
1130 5591 1276 5662 uqttetct‘te,·
1289 5593 1312 5646 si
1322 5592 1453 5661 imputetis
1465 5590 1597 5659 ignoscite.

266 5690 401 5750 tirsus.
433 5680 542 5743 Lvtll.
1568 5680 1587 5739 ³
