3788 6120
618 269 857 332 sulssobautttt
876 273 941 331 tle.
964 273 1015 329 ltl.
1595 278 1649 340 5¹18

105 388 195 449 netem
206 399 355 461 pancorum
368 401 375 440 ε
389 400 452 444 cum
464 394 553 443 tantcn
567 386 709 444 ediverso
720 387 804 443 bono-
817 393 845 452 Α
856 387 1004 443 multorum
1019 394 1115 443 notam
1129 400 1276 458 personat:
1298 388 1448 447 luceolum
1462 399 1564 457 astruo,
1578 397 1651 462 quod

105 482 183 541 tritas
195 479 295 552 llaqitia
309 477 455 535 multorum
470 487 587 550 nequeat
605 493 736 535 excusare
750 479 803 533 tir·
854 495 917 536 curta
938 479 1042 536 nullum
1062 479 1197 550 prolatam
1220 484 1415 552 nuncupatim,
1441 484 1487 540 ille
1506 485 1651 543 confltetur

105 571 349 633 toommnnicatis.
389 568 417 625 Si
449 570 602 640 quempiam
629 570 804 626 nominavero
855 573 992 639 repulsam
1014 570 1060 642 qui
1082 573 1222 639 prolitetur
1241 571 1382 629 offensam.
1397 572 1469 632 Sane
1491 575 1517 630 id
1536 575 1649 632 libarius

106 663 349 734 bornm,qnarntis
366 661 440 716 illurn
454 661 556 729 Paulis,
572 661 707 725 Antoniis,
731 658 804 715 litla-
856 660 917 718 dico
938 661 973 719 de
990 662 1160 718 multitudine
1177 663 1410 720 circumstantium
1429 666 1530 722 multos
1542 668 1649 738 episco-

105 772 144 826 ι,
156 752 281 812 blacariis
295 751 498 819 conterendum,
523 760 634 808 sectatae
652 750 803 808 attacltore·
857 739 931 828 pales
944 770 1021 824 esse,
1042 757 1090 813 sed
1110 765 1183 812 totns
1196 757 1338 828 episcopos
1357 771 1417 814 esse
1438 773 1492 815 non
1512 774 1607 829 posse:
1622 768 1650 815 et

105 846 260 919 remotiva
272 846 427 908 comitetur,
442 857 522 899 aures
536 842 608 898 illico
620 856 695 899 meas
710 841 805 898 incon·
856 862 917 905 cum
943 847 1041 918 siaquli
1067 847 1236 905 disertorum
1264 849 1456 905 charismatum
1485 851 1651 920 proprietate

106 936 194 995 arsita
207 934 435 1003 circumstrepitas
448 932 603 1004 ignobilium
627 933 803 1003 pumilionum
857 940 1006 1010 potiantur.
1020 939 1147 997 sulficere
1164 954 1260 995 omncs
1280 940 1350 1006 sibi,
1363 941 1488 996 omnibus
1501 941 1650 997 nerninem.

105 1044 135 1087 ar
145 1028 289 1086 everberat
302 1025 520 1097 conquerentium
547 1042 555 1081 ι
579 1025 628 1081 llic
653 1027 697 1096 qui
718 1026 805 1082 norni-
856 1031 887 1087 sl
900 1030 1043 1086 militarem
1054 1030 1147 1086 discro
1160 1030 1230 1086 lorte
1242 1045 1402 1100 personam,
1417 1032 1539 1101 protinus
1550 1032 1578 1087 in
1592 1031 1651 1087 bac

124 1120 268 1193 inquiunt,
292 1133 346 1175 non
365 1117 496 1188 episcopi,
520 1117 568 1173 scd
593 1117 682 1188 potius
700 1118 821 1183 abbatis¹
855 1122 937 1178 rerba
953 1122 1150 1192 consurgitur:
1171 1121 1301 1179 Sidonius
1321 1122 1354 1177 ad
1370 1123 1525 1178 clericatum
1541 1123 1651 1194 quiade

105 1210 281 1289 stniflcinm3
303 1216 332 1265 ct
351 1208 518 1265 intercedere
532 1209 617 1278 maqis
632 1222 680 1278 pro
703 1209 807 1264 anima·
856 1214 978 1269 seculari
993 1213 1161 1285 prolessione
1170 1216 1315 1271 translatus
1324 1226 1375 1282 est,
1385 1216 1502 1273 ideosibi
1513 1231 1652 1274 assumere

105 1302 148 1363 aad
161 1304 313 1370 colestem,
329 1316 409 1373 quam
424 1316 475 1372 pro
487 1301 646 1372 corporibus
660 1300 730 1373 apud
753 1309 807 1357 ter·
857 1305 1093 1377 metropolitanum
1108 1307 1143 1363 de
1157 1307 1284 1377 religiosa
1298 1309 1507 1379 congregatione
1525 1308 1652 1366 dissimu-

105 1396 239 1471 tiadieeut
259 1404 358 1467 potcst.
373 1392 427 1450 Sed
450 1393 509 1462 ills
531 1408 584 1448 ¹¹⁰⁰
604 1392 805 1457 ‘methema
858 1398 917 1454 lat:
939 1398 1073 1455 natalibus
1088 1408 1192 1469 turget,
1207 1399 1366 1470 dignitatum
1380 1401 1521 1471 lastiqatur
1541 1401 1652 1471 insigni·

105 1486 192 1561 sitient
215 1485 348 1544 sordidari
372 1487 499 1542 virtutum
523 1483 705 1540 sinceritatem
727 1483 807 1555 192
857 1488 1079 1558 bua,contemrtit
1096 1505 1227 1561 pauperes
1240 1490 1352 1546 elusisti.
1366 1490 1534 1562 Quapropter
1547 1492 1653 1560 imprae-

105 1578 354 1639 tstionerltioruml
365 1579 394 1633 Si
405 1577 531 1648 eligimus
545 1576 686 1641 ltumilcm,
697 1588 807 1631 uocatur
858 1584 1006 1637 sentiarum
1018 1583 1133 1650 solvam,
1154 1597 1234 1653 quam
1249 1597 1302 1638 non
1315 1591 1369 1637 mm
1385 1585 1514 1639 bonorum
1527 1581 1651 1639 charitati

105 1670 364 1743 nasipmterimus
375 1678 508 1734 erectum,
519 1667 660 1737 superbire
671 1677 807 1724 censetur.
858 1684 938 1740 quant
962 1671 1155 1727 maledicorum
1181 1670 1330 1741 suspicioni
1357 1672 1443 1729 debeo
1466 1673 1556 1730 iidem.
1582 1675 1654 1729 l'irit

105 1762 322 1831 tssinstitutum,
336 1773 445 1834 propter
458 1761 621 1832 imperitiam
632 1761 753 1818 ereditur
772 1763 807 1817 ir·
822 1759 976 1830 Bspiritus
987 1770 1115 1829 sanctus,
1131 1763 1303 1833 omatipotcns
1314 1764 1385 1819 Dans
1400 1775 1501 1829 auster,
1516 1763 1563 1835 qui
1579 1765 1652 1821 Petri

105 1856 159 1924 ins3
173 1855 197 1911 si
211 1854 380 1926 aliquatenus
399 1853 519 1918 doctum,
536 1861 646 1923 pmpter
667 1849 807 1906 scientiam
860 1865 925 1908 soce
938 1851 1076 1908 damnavit
1089 1851 1116 1909 io
1130 1851 1243 1910 Simone
1255 1869 1345 1925 maqo,
1364 1869 1414 1912 cur
1427 1857 1583 1926 opinaretur
1591 1871 1654 1927 pra·

105 1955 148 2004 tar
172 1945 292 2004 indatus.
317 1945 345 2001 Si
367 1958 512 2009 severunt,
534 1950 661 2011 tanquam
690 1941 808 1996 crudelis
861 1944 924 1999 tiam
947 1943 1141 2001 mundationis
1163 1948 1250 2016 pretio
1275 1961 1336 2002 sese
1358 1961 1440 2016 posse
1454 1949 1588 2014 mercarl;
1610 1964 1654 2005 me

105 2056 159 2108 ntra
172 2039 196 2098 si
211 2037 404 2110 indulgentem,
419 2035 548 2092 lacilitate
557 2034 693 2105 culpatur.
704 2034 731 2091 Si
744 2034 810 2088 sim·
860 2035 887 2090 in
907 2050 942 2091 eo
955 2050 1034 2107 quern
1049 2036 1126 2093 robis
1148 2046 1328 2107 opportunum
1342 2040 1452 2103 ceriam,
1468 2055 1519 2096 nec
1534 2041 1654 2110 pecunie

105 2149 127 2203 a.
139 2132 291 2202 despicitur
303 2139 333 2186 ut
346 2131 440 2186 brutus
453 2145 462 2194 l
482 2129 506 2186 si
528 2143 629 2194 acrem,
655 2127 756 2183 nitatur
781 2137 811 2183 ut
862 2127 951 2184 tarne
964 2129 1130 2200 necqratitc3
1140 2127 1188 2185 sed
1201 2139 1272 2185 statu
1286 2130 1354 2188 satis
1364 2146 1499 2203 superque
1512 2131 1653 2198 trutinato,

105 2240 142 2283 n.
165 2224 195 2283 Si
214 2224 393 2295 diligentem,
413 2220 617 2292 superstitiosus
638 2218 809 2284 decernitur;
863 2233 995 2288 porsonam
1011 2221 1151 2290 temporit.
1166 2222 1465 2293 prorincim,ciritatia,
1476 2224 1564 2280 sirum
1578 2224 1656 2294 cuius

105 2304 196 2375 tlasnm
209 2314 346 2386 negligens
359 2311 504 2381 judicatur.
529 2311 558 2366 Si
580 2309 720 2375 solertem,
732 2310 810 2380 cupi·
862 2307 889 2363 in
915 2305 993 2381 1ss
1016 2310 1245 2382 consequentibus
1269 2314 1367 2381 raptim
1394 2315 1448 2370 rita
1471 2313 1655 2386 replicabitur,

111 2409 137 2467 si
159 2407 296 2481 quietum,
319 2405 507 2477 pronuntiatur
527 2404 647 2475 ignarus
669 2402 698 2458 si
720 2402 811 2459 abste·
862 2399 1140 2468 competentissimum
1161 2403 1321 2460 credidisse.
1337 2405 1522 2464 ·ltencdtctus
1541 2405 1656 2477 Simpli-

126 2499 321 2573 producimus,
343 2511 442 2553 auarus
463 2495 609 2566 accipitur;
632 2493 657 2549 si
684 2508 746 2550 euru
766 2492 812 2563 qui
863 2491 932 2555 cius,
947 2492 1076 2547 hactenus
1090 2493 1189 2560 vestri,
1203 2493 1313 2565 jamque
1325 2497 1360 2551 ab
1380 2495 1445 2552 binc
1462 2499 1546 2554 nostri
1564 2497 1657 2567 (modo

105 2590 178 2649 audo
193 2596 294 2660 pascat,
309 2587 450 2644 edacitatis
465 2586 603 2654 impetitur
621 2600 629 2638 ε
651 2583 750 2641 sicum
765 2583 812 2655 qui
865 2598 914 2653 per
927 2598 975 2640 ros
994 2584 1065 2641 licus
1080 2588 1192 2656 annuat)
1214 2587 1353 2643 habendus
1373 2588 1477 2644 ordinis
1493 2603 1602 2656 contet,
1619 2589 1656 2646 ita

105 2680 157 2740 ado
166 2679 282 2754 jejunet,
297 2678 424 2734 tattitatis
436 2676 569 2748 arguitur.
585 2675 751 2732 Libertatem
764 2690 813 2745 pro
867 2672 972 2744 utriqnc
985 2673 1110 2745 partinet
1123 2683 1195 2741 actu,
1211 2675 1253 2730 acl
1273 2674 1440 2744 professione
1457 2678 1613 2748 rependet,
1628 2686 1658 2733 ut

105 2775 194 2835 bieme
212 2772 407 2838 condemnant;
422 2769 610 2826 uerecundiam
631 2782 681 2839 pro
704 2767 815 2824 rustici·
866 2775 894 2823 et
906 2767 1058 2837 respublica
1070 2768 1097 2823 in
1107 2783 1140 2823 co
1150 2768 1221 2839 quod
1232 2769 1389 2839 admiretur,
1401 2781 1429 2826 ct
1440 2769 1560 2826 Ecclesia
1573 2769 1658 2840 possit

105 2866 261 2932 batidiunt;
281 2864 383 2935 rigidos
401 2862 437 2919 ab
458 2860 615 2918 austeritate
637 2874 691 2916 uon
715 2859 816 2916 babent
866 2858 988 2915 inuenire
1000 2859 1072 2931 quod
1082 2858 1185 2930 diligat.
1200 2859 1229 2917 st
1244 2861 1376 2916 ttatalibus
1389 2861 1521 2917 seruanda
1533 2875 1659 2918 reseren-

105 2958 222 3030 ;blandi
235 2957 306 3029 apud
317 2971 365 3014 eos
374 2954 564 3012 communione
579 2953 720 3010 silescunt.
742 2953 781 3009 bc
791 2953 815 3008 si
868 2950 904 3005 tia
917 2958 968 3018 cst,
982 2952 1044 3022 quia
1057 2960 1085 3007 ct
1099 2953 1149 3007 bos
1163 2966 1216 3008 nnn
1231 2952 1397 3009 omittendus
1406 2953 1570 3022 evangelista
1582 2968 1659 3010 mon·

105 3066 155 3111 eos
169 3050 297 3108 utrolibet
309 3062 410 3121 genere
423 3049 550 3110 vitatur,
573 3060 681 3116 semper
704 3046 749 3101 bic
775 3054 817 3100 ta·
847 3045 965 3106 ¹strauit
991 3044 1065 3116 (uam
1088 3044 1175 3101 Lucas
1188 3045 1367 3103 laudationem
1378 3045 1491 3102 loannis
1506 3059 1658 3117 oppressus,

111 3143 245 3201 bonarum
269 3140 385 3212 partium
407 3152 497 3194 mores
520 3136 700 3208 pungentibus
718 3135 853 3207 linquite
869 3139 1120 3209 praestantissimum
1143 3138 1325 3210 computaris,
1347 3140 1420 3211 quod
1442 3140 1603 3197 mcerdotali
1626 3140 1661 3197 de

105 3235 220 3294 ilcorum
240 3233 322 3291 ueluti
335 3231 490 3304 bicipitibus
505 3231 593 3285 barnis
607 3230 816 3285 inuncabuntur.
868 3231 953 3300 stirpe
968 3230 1111 3301 seruiebat,
1135 3238 1164 3287 et
1184 3231 1351 3288 nobilitatem
1368 3234 1431 3286 rite
1454 3233 1660 3304 predicaturus,

106 3328 167 3385 base
181 3325 414 3384 monasterialibus
434 3322 583 3394 disciplinis
597 3337 668 3392 seqre
682 3321 816 3391 subditur,
868 3321 943 3394 prius
963 3331 1052 3379 tamen
1075 3320 1172 3378 extulit
1197 3321 1304 3380 familiae
1326 3322 1511 3394 dignitatemla
1538 3335 1662 3392 parentes

105 3421 249 3494 apulamm
263 3419 450 3485 cersicositas,
465 3417 508 3473 rel
522 3416 632 3473 licentia
642 3416 814 3473 clericomm.
868 3416 969 3487 ipsius,
985 3425 1033 3473 aut
1046 3415 1198 3483 cathedris,
1218 3424 1264 3470 aut
1277 3414 1454 3470 tribunalibus
1467 3415 1661 3486 praesederunt.

105 3514 198 3571 rtem
212 3511 319 3579 dixero,
335 3518 480 3580 sequentes
497 3508 669 3574 aemulantur,
685 3507 817 3579 derogant
868 3507 982 3564 lllustris
1003 3507 1030 3564 in
1046 3516 1161 3576 utraque
1175 3505 1381 3562 conuersatione
1395 3503 1529 3576 prosapia.
1545 3512 1592 3560 aut
1605 3505 1663 3574 epi·

105 3604 225 3665 edules.
238 3602 305 3659 liam
329 3590 424 3658 ita'ex
449 3601 482 3657 iis
502 3600 591 3671 pauci,
606 3599 678 3671 quod
701 3600 819 3671 reliquo·
868 3601 960 3672 scopis
969 3600 1072 3668 floruit,
1082 3608 1129 3656 ant
1139 3600 1342 3670 praelecttartta
1357 3614 1464 3670 semper
1478 3598 1590 3668 huiusce
1603 3615 1662 3654 tna·

105 3714 167 3774 pace
178 3701 215 3756 sit
227 3698 341 3763 dictum,
352 3693 439 3753 'solam
455 3694 599 3752 clericatus
612 3693 818 3751 diuturnitatem
867 3695 983 3765 juribus,
993 3703 1040 3750 aut
1053 3693 1264 3759 butttanum,aut
1277 3692 1398 3761 diuinum
1410 3694 1513 3750 dictare
1524 3692 1569 3762 jus
1582 3706 1664 3748 ausus

105 3790 196 3850 serius
219 3796 359 3845 sommant
378 3786 563 3843 calculandam
576 3802 585 3850 ;
600 3792 693 3840 utnos
707 3786 733 3841 in
747 3785 819 3842 anti·
869 3788 933 3855 luit;
949 3789 973 3844 si
995 3801 1060 3846 uero
1082 3802 1225 3858 personant
1246 3802 1321 3843 suant
1346 3796 1462 3844 tractatu
1478 3787 1665 3844 consiliosiore

105 3882 299 3949 conserando,
316 3897 368 3937 non
382 3879 525 3936 utilitatem
544 3879 630 3936 uelint
643 3878 754 3950 eligere,
770 3880 818 3936 sed
872 3896 1028 3953 pensemus,
1051 3884 1202 3938 invenimus
1215 3881 1289 3937 illant
1302 3889 1397 3939 testem
1416 3882 1503 3940 istlcb
1518 3883 1589 3941 iata-r
1600 3898 1664 3954 spe·

149 3992 158 4035 t
181 3960 309 4047 tanquam
331 3975 377 4031 ditt
398 3973 488 4044 potius
505 3987 586 4043 qnam
615 3972 684 4031 benc
706 3975 818 4039 altere,
870 3974 984 4030 ctabilcs
995 3973 1128 4047 principes
1140 3977 1237 4030 locum.
1250 3972 1401 4032 Seddlcitis
1414 3977 1487 4032 uiros
1501 3975 1662 4032 Eucherium

105 4069 218 4138 uacctpl
229 4067 262 4123 ad
273 4081 407 4123 summum
415 4064 595 4120 sacerdotium
603 4064 818 4136 adipiscendum,
873 4078 901 4124 et
924 4067 1100 4124 Pantticbium
1124 4068 1243 4124 illustret
1266 4069 1361 4125 baberi
1381 4069 1565 4141 superiores:
1592 4070 1663 4138 quod

105 4157 367 4228 miomqratiarum
378 4155 519 4226 pritilcqlo
530 4155 607 4228 193
618 4155 819 4226 decoramento,
872 4160 1000 4216 baetenns
1013 4174 1061 4218 cos
1071 4169 1129 4217 esto
1139 4169 1263 4233 putatos:
1280 4160 1327 4216 scd
1343 4168 1502 4231 presentem
1513 4161 1568 4231 lant
1584 4162 1665 4217 tnodo

105 4252 253 4310 iumento.
264 4250 298 4306 lit
309 4249 484 4320 itaquispiam
494 4249 520 4304 in
529 4250 819 4323 mittistrandoseqnes,
871 4252 905 4307 ad
920 4265 1029 4308 causam
1044 4251 1083 4307 illi
1098 4265 1131 4307 cx
1146 4264 1250 4309 monne
1265 4265 1318 4308 non
1331 4252 1514 4324 requiruntur,
1525 4255 1570 4323 qui
1586 4253 1665 4308 anrbo

105 4342 239 4417 lqnendo
256 4341 372 4408 celeres,
383 4341 412 4396 in
427 4339 585 4397 tractatibus
598 4341 695 4411 otiosi,
708 4342 735 4398 iu
749 4344 821 4400 sedi-
871 4341 905 4398 ad
928 4352 940 4382 θ
961 4342 1093 4400 secundas
1108 4343 1216 4413 nuptias
1230 4344 1404 4400 transiemnt.
1420 4343 1449 4401 sl
1473 4356 1558 4399 anuos
1580 4343 1665 4414 ipsius

105 4435 145 4493 its
154 4433 292 4505 occupati,
307 4433 333 4488 in
353 4430 466 4490 caritate
480 4431 590 4500 inllrmi,
609 4433 636 4488 in
648 4433 764 4491 lactionc
776 4448 821 4490 ro·
872 4442 1058 4506 computemus
1074 4451 1082 4502 ;
1096 4433 1177 4490 babet
1189 4433 1337 4492 elleaclant
1350 4435 1385 4490 de
1398 4434 1550 4504 juventute,
1565 4432 1599 4489 de
1619 4448 1665 4490 se·

111 4568 121 4597 ,
143 4531 172 4585 ln
195 4526 396 4584 aemulationum
413 4525 620 4581 conservatione
644 4525 775 4593 stabiles,
791 4527 820 4584 in
835 4503 980 4584 1'nectale
1001 4526 1152 4583 cottsilium.
1164 4526 1194 4584 Si
1212 4526 1316 4582 litteras
1337 4525 1378 4581 tel
1392 4526 1527 4596 ingenium
1539 4525 1665 4582 contera-

105 4617 222 4677 atiarntn
242 4617 394 4674 assertione
417 4625 563 4688 nutantes,
584 4618 707 4675 nituntur
724 4633 821 4692 nepem
872 4616 1294 4685 mns‚certatnaturadoctrinte.
1306 4615 1666 4688 Sibmuanitasrcquirenda

105 4710 186 4779 siant,
200 4723 269 4780 quos
284 4709 340 4780 jam
353 4708 410 4778 reqi
423 4723 536 4765 necesse
549 4719 591 4765 est
610 4723 659 4781 per
671 4722 819 4770 senectam.
872 4721 929 4778 est,
951 4710 1022 4776 citi,
1046 4709 1166 4774 clerieo,
1188 4709 1348 4779 peregrino,
1364 4707 1475 4763 minimo
1494 4710 1668 4780 ritatlmoqne

105 4814 149 4861 sse
169 4800 271 4858 diutius
292 4799 379 4871 placet
393 4807 505 4870 propter
524 4814 671 4870 paucorum
691 4804 819 4878 ambitus,
873 4807 954 4862 etiam
976 4815 1058 4872 supra
1081 4799 1269 4855 sullicientiatn
1293 4799 1415 4868 olicrtur,
1432 4808 1459 4857 et
1475 4815 1553 4857 suunt
1569 4803 1667 4872 saepius

105 4936 148 4996 ion
159 4946 201 4995 cst
214 4952 362 5007 cognomen
377 4938 428 4994 ltoc
441 4938 501 4997 loco
514 4938 681 5011 benedictus,
702 4952 748 5001 seu
764 4947 822 5017 cpi·
873 4945 1005 5016 Gregorio
1018 4942 1120 4998 Turon.
1131 4938 1323 4998 Conlessorutn
1339 4940 1385 5011 8⁰,
1400 4952 1428 5000 et
1444 4941 1492 4999 lib.
1508 4960 1535 4999 nt
1552 4943 1667 5018 Histoe,

106 5024 132 5065 tn
165 5023 219 5078 quo
241 5009 409 5065 Christianos
433 5013 506 5065 uiros
530 5011 648 5082 plerique
676 5017 820 5073 ornabant.
874 5017 920 5076 id.

106 5092 158 5135 nas
168 5080 280 5149 epistola
296 5081 313 5134 o
327 5080 360 5135 ad
374 5079 504 5137 Scaeam
517 5098 523 5135 :
537 5081 611 5137 Atius
625 5082 726 5141 libellas
740 5103 772 5142 ts
781 5089 821 5145 ltir
910 5085 924 5126 l
945 5085 1084 5153 Principes
1106 5082 1262 5152 municipii,
1286 5079 1457 5153 principales.
1482 5084 1667 5146 Glossarium:

105 5166 137 5205 ms
147 5150 180 5205 ad
191 5149 361 5216 benedictum,
371 5152 398 5204 id
409 5160 445 5205 eat
458 5151 632 5207 Christianum
646 5155 740 5223 uirum,
755 5163 822 5213 catti·
874 5159 968 5214 Princo
987 5173 1010 5224 t,
1025 5155 1228 5226 πρωτοπολίτης.
1240 5154 1299 5209 iant
1311 5169 1393 5222 supra
1403 5154 1572 5226 Simplicium
1581 5161 1666 5213 tirum

105 5234 191 5276 uuirt
204 5219 390 5276 Endelecltittnt
406 5222 539 5290 scripsisse
553 5223 651 5280 videor.
666 5225 820 5286 Endelecltii
873 5175 1047 5297 spectabilem
1061 5227 1143 5294 ditit,
1166 5227 1245 5296 epist.
1260 5227 1288 5281 8.
1313 5225 1354 5280 sd
1371 5224 1533 5284 Eucherium
1553 5243 1617 5285 tero
1640 5237 1668 5283 et

113 5290 223 5349 uomina
236 5296 445 5419 erantgsanctus
459 5294 576 5349 Setcrus
588 5293 778 5361 Endelecltius.
793 5310 822 5357 ut
874 5298 1057 5369 Pannyclrium
1072 5295 1180 5362 scripsit
1195 5296 1240 5353 lib.
1258 5310 1286 5351 ιιι
1298 5303 1325 5352 et
1335 5296 1381 5351 lib.
1398 5312 1425 5354 r.

105 5364 301 5501 fflffssssffi,
319 5433 352 5487 ad
368 5432 544 5498 ilictriciurn,
566 5435 724 5493 benedictus
743 5439 824 5497 Eleu·
875 5450 957 5508 sunt;
975 5453 1008 5495 ac
1021 5453 1055 5495 ne
1069 5437 1161 5494 clerici
1175 5438 1284 5508 quidem
1300 5439 1381 5494 rtllius
1395 5440 1506 5510 gradus,
1518 5453 1550 5491 aa
1563 5452 1668 5493 cattouc

105 5518 122 5559 s
144 5502 309 5559 Tertulliano
323 5504 357 5559 dc
381 5503 649 5574 Proscriptionlbut‚
665 5507 822 5567 benedictus
877 5515 963 5582 primo
978 5509 1073 5580 synodi
1087 5507 1245 5574 salentina.
1262 5518 1288 5564 et
1304 5509 1363 5563 aliis
1379 5511 1494 5578 prassini:
1515 5521 1666 5578 quanquam

115 5570 267 5646 Cyprianus
285 5576 311 5628 in
334 5575 447 5643 epistola
466 5579 530 5630 cleri
547 5576 658 5633 nonant
672 5580 706 5634 ad
719 5580 821 5639 clermn
875 5583 1016 5638 variantia
1029 5580 1162 5635 lnlerioris
1175 5580 1275 5651 pratus
1289 5578 1437 5649 ordinibus,
1453 5589 1532 5652 prout
1545 5579 1667 5637 ditersus

105 5645 291 5715 laginiensem.
308 5646 466 5701 benedictus
476 5646 604 5702 Paulinus
615 5646 713 5706 Fausto
723 5649 823 5707 lielen-
876 5654 996 5713 loc-mm
1011 5665 1070 5708 tuos
1081 5649 1139 5706 luit.

105 5714 258 5775 benedictus
285 5715 425 5774 tetradius
456 5725 485 5774 ct
512 5714 670 5776 benedictus
699 5722 824 5793 Agricola

334 5362 358 5417 ic
377 5362 534 5419 benedictus
549 5364 689 5420 Pascasius
707 5367 821 5424 Paulino
912 5367 1038 5440 elliqami
1051 5367 1123 5423 enlm
1140 5367 1258 5436 episcopi
1270 5381 1330 5423 esse
1345 5382 1394 5437 per
1408 5382 1525 5426 canones
1540 5382 1592 5422 non
1606 5381 1668 5436 pos·
