3788 6120
92 232 150 292 ΒΗ
701 225 877 283 iil‘tSTOLAE
898 227 939 282 ut
961 225 1124 282 DECRETA.
1671 227 1723 284 stu

92 338 244 408 damnatio,
258 354 274 394 a
289 352 333 396 me
347 344 374 395 et
389 336 423 394 ab
437 337 479 394 bis
493 335 538 409 qui
551 335 602 394 sub
619 350 661 391 me
675 336 812 393 constituti
825 337 883 408 epi·
899 341 922 399 Α
936 336 1036 405 pariter
1046 332 1199 404 abnegatis,
1218 335 1244 389 in
1267 348 1318 405 qua
1332 333 1459 406 baptizati
1475 347 1576 396 sumus.
1590 341 1618 391 et
1632 337 1720 390 credi-

92 431 218 504 scnpates
234 428 313 485 sedes
324 428 475 500 gubernare
489 436 647 494 noscuntur,
661 434 690 483 et
701 426 798 483 Acacio
813 425 883 482 Gou-
937 442 996 483 rrius
1015 436 1043 482 et
1061 426 1183 482 latemur.
1198 425 1263 493 ortis
1277 440 1342 495 ergo
1356 440 1410 482 non
1423 427 1512 498 lugeat
1526 429 1586 482 tatia
1601 428 1722 487 dicentes

93 520 339 593 ›aaruoopunanae
354 520 482 576 Ecclesiae
496 528 623 591 pastore,
644 527 672 575 et
685 518 884 576 uenerabilibus
935 518 969 573 de
992 526 1083 573 sancto
1107 526 1135 572 et
1161 515 1305 573 inviolabili
1321 516 1453 574 Trinitate
1468 518 1480 571 t
1495 519 1546 575 boc
1566 519 1630 575 milri
1645 520 1723 576 ualde

92 614 228 686 episeopis
243 612 301 684 ejus
312 613 365 683 iuri
378 611 506 683 subjectis
520 622 647 681 tanquam
661 620 688 668 et
698 612 763 683 ipsis
774 612 883 668 minime
935 608 1192 679 contrenitatlegarc,
1207 617 1234 664 et
1249 609 1383 678 planctum
1394 609 1558 668 sufficienter
1572 611 1721 679 edundcre.

93 705 326 766 consentientibus
343 706 395 761 tuis
408 705 577 770 commentis,
593 704 631 760 sic
644 702 789 774 aliquando
803 704 885 776 siqui·
935 716 995 755 rurn
1009 701 1036 756 in
1053 702 1102 757 hoc
1112 700 1272 771 simplicium
1285 699 1382 756 animae
1395 699 1649 773 iueriutcaptiraee,
1663 719 1723 775 quino

93 800 156 855 dem
165 797 266 863 dixisti,
278 795 433 851 Trinitatem
446 807 554 865 propter
564 808 613 850 nos
623 793 777 850 crucifixam
791 803 820 851 et
831 809 883 850 non
936 803 1000 849 tunc
1023 808 1081 849 rem
1105 792 1213 865 impiam
1233 793 1305 850 velut
1331 794 1401 865 piam
1421 794 1640 866 divulgaverunt,
1654 813 1722 868 quos

93 891 243 955 Christum,
255 888 399 959 aliquando
410 901 474 942 vero
490 885 668 942 immortalem
688 884 812 955 spiritum
825 884 883 941 ita·
935 882 1326 955 etiamjudicamusettraneos
1339 885 1374 940 ab
1384 886 1533 943 orthodoxa
1549 887 1612 957 ilde,
1630 889 1723 945 Eccle-

95 975 193 1039 nlcbael
210 986 319 1037 meatus
342 992 481 1044 errorem,
501 975 643 1047 aliquando
659 982 749 1030 autem
769 975 827 1031 bac
844 973 886 1030 iu·
935 973 1028 1048 siaque
1040 975 1184 1041 catholica,
1196 978 1419 1034 recommunione
1432 977 1543 1050 gloriosi
1557 979 1640 1034 nostri
1652 981 1724 1049 prin·

94 1076 190 1146 piens,
210 1079 364 1128 nostrorum
379 1082 533 1124 sermonum
549 1067 705 1138 pignoribus
721 1067 883 1138 increpatus,
934 1065 1001 1138 cipis
1017 1067 1099 1136 Petri,
1115 1069 1161 1142 qui
1174 1071 1262 1128 elaver
1286 1069 1361 1142 regni
1380 1072 1510 1127 costarum
1526 1087 1540 1126 a
1556 1082 1649 1127 nostro
1662 1070 1723 1128 sat.

93 1166 231 1224 Christum
244 1170 306 1233 post
316 1159 495 1217 immortalem
506 1158 629 1229 spiritum
644 1159 795 1230 passionem
804 1158 886 1214 susti·
935 1171 1030 1217 satore
1049 1164 1180 1234 percepit.
1201 1163 1251 1231 Qui
1272 1178 1337 1236 ergo
1351 1163 1483 1220 soluerint
1498 1179 1559 1222 esse
1573 1167 1723 1222 communi-

94 1256 188 1313 uuisse
205 1252 315 1320 dixisti,
334 1251 405 1307 sicut
421 1249 519 1304 Paulus
533 1249 734 1315 samosatenus,
750 1259 777 1304 ct
792 1248 887 1305 Nesto·
935 1262 1041 1309 ratores
1057 1269 1072 1309 a
1078 1250 1188 1321 postoli,
1204 1254 1261 1328 ejus
1275 1269 1382 1326 quotpue
1399 1254 1547 1311 doctrinam
1565 1264 1722 1327 sentiantur,

95 1349 153 1405 tius
166 1342 351 1403 unumi'ilium
365 1339 515 1396 dividentes
530 1338 557 1396 in
576 1339 704 1396 dualitate
718 1339 844 1406 tiliorum,
858 1345 887 1395 et
935 1341 1081 1398 dicendast
1091 1343 1370 1401 credendodbristum
1382 1355 1490 1414 propter
1499 1346 1721 1406 nns‘crucidruan.

94 1454 158 1499 eum
180 1439 225 1495 bie
246 1434 346 1508 putasti
368 1447 421 1488 nou
441 1430 655 1499 immorandum,
680 1431 713 1487 ad
736 1431 826 1503 pejora
840 1446 886 1490 re·
937 1449 1023 1506 neque
1036 1447 1098 1490 eum
1112 1437 1244 1507 negando,
1257 1437 1326 1492 sicut
1338 1437 1443 1505 Petrus,
1457 1438 1501 1507 otri
1516 1455 1601 1507 nuper·
1612 1439 1724 1494 domna.

96 1531 172 1599 nisti,
184 1540 214 1587 ut
228 1528 330 1600 byrnnt,
346 1541 413 1599 quos
429 1525 573 1582 dtrerubim
586 1539 646 1580 curn
662 1534 780 1580 tremore
795 1524 884 1581 Triui·
938 1537 980 1584 tns
996 1536 1038 1583 est
1055 1541 1089 1584 eo
1104 1527 1175 1598 quod
1188 1545 1270 1598 praue
1284 1536 1311 1585 et
1326 1526 1427 1583 nelarie
1442 1529 1468 1583 iu
1483 1530 1582 1600 hymno
1597 1529 1725 1600 trisagion

97 1624 160 1683 tatis
173 1625 339 1682 incessanter
361 1620 501 1684 emittunt,
515 1616 548 1673 ad
562 1617 719 1673 Trinitatem
734 1617 886 1688 gloriltcan·
937 1620 1042 1676 rtuuiter
1059 1619 1225 1686 introduxit,
1247 1623 1290 1692 qui
1310 1619 1454 1678 crucifixus
1472 1630 1514 1678 est
1534 1632 1643 1692 propter
1663 1635 1724 1682 nos.

97 1721 158 1777 dam
173 1734 227 1775 uon
242 1714 402 1773 reiterantur.
418 1712 471 1770 Sed
487 1720 517 1767 ut
531 1719 602 1768 totus
614 1710 728 1784 hymnus
742 1710 774 1766 ad
790 1710 885 1766 Titium
902 1712 1053 1781 flectentes
1065 1712 1127 1783 quia
1141 1729 1194 1767 non
1211 1713 1368 1770 Trinitatem
1380 1715 1533 1770 crucittxam
1549 1714 1583 1769 ab
1598 1713 1727 1784 apostolis

95 1809 245 1874 dedicatur,
254 1805 416 1862 cnrtttnnare
425 1803 519 1860 volens
529 1803 701 1870 sententiam,
710 1803 782 1859 uelut
790 1817 887 1860 cancer
938 1805 1095 1875 accepistis,
1109 1821 1196 1875 neque
1211 1806 1334 1874 Patrem,
1348 1822 1435 1877 noque
1449 1806 1577 1878 Spiritum
1592 1815 1727 1877 sanctum,

96 1908 261 1973 serpentem,
272 1911 352 1968 qaam
363 1897 491 1951 adsersus
500 1894 636 1964 simplices
645 1893 773 1962 extulisti,
785 1902 814 1951 et
825 1894 888 1951 binc
939 1896 989 1950 nisi
1004 1911 1113 1950 carnem
1133 1895 1250 1960 Christi,
1267 1895 1364 1951 Filium
1387 1897 1433 1952 bei
1448 1897 1614 1968 unigenitum
1627 1896 1725 1962 sotum,

97 1990 217 2047 omniurn
227 1986 361 2044 baresum
378 1983 481 2056 laqueis
495 1985 676 2056 precipitatus
688 1999 730 2052 es,
745 2001 760 2041 a
774 1984 889 2041 veritate
939 1986 1020 2057 igitur
1042 1985 1124 2056 tegite
1139 1985 1172 2039 ab
1188 1984 1267 2056 itatius
1278 1987 1465 2042 cominunione
1479 1987 1623 2058 sacrilega,
1638 1993 1666 2041 et
1680 2000 1728 2041 ero

97 2077 275 2145 declinando,
290 2091 339 2133 nee
355 2075 527 2147 predicando
549 2084 658 2146 propter
680 2087 738 2131 nos.
751 2073 887 2130 Christum
939 2086 1031 2133 nester
1051 2075 1157 2141 socius,
1171 2084 1252 2147 atque
1272 2077 1498 2144 communicator,
1514 2086 1541 2132 et
1563 2092 1609 2131 ros
1623 2089 1739 2148 quoque.

98 2173 258 2234 emcitixurn
273 2171 437 2243 unigenitum
453 2170 502 2225 bei
518 2168 626 2234 Filium,
640 2170 684 2240 orti
700 2177 741 2225 est
760 2167 786 2223 in
800 2168 889 2226 medio
940 2171 1004 2236 mci,
1016 2169 1190 2240 pestedotosa
1204 2177 1318 2225 suestra
1331 2169 1590 2243 rectitudineprocut
1603 2169 1728 2238 expulsa:

99 2266 186 2324 Patris
200 2272 229 2322 st
243 2263 328 2320 sartcti
341 2261 467 2333 Spiritus,
482 2261 528 2331 qni
543 2261 717 2332 gluriilcatur.
732 2259 801 2329 Quid
816 2261 887 2317 enirn
940 2261 1082 2327 custodite,
1092 2259 1191 2317 Christi
1201 2261 1396 2330 disciputi‚mei
1406 2272 1495 2319 autern
1505 2261 1562 2331 iiiii,
1572 2261 1731 2319 traditiones

100 2359 152 2416 boe
160 2355 212 2415 erit
224 2353 401 2410 damnabilius
412 2367 491 2423 quam
502 2366 564 2407 cum
576 2366 592 2407 a
603 2351 679 2407 uob's
693 2351 771 2406 Pater
785 2359 812 2406 et
826 2349 889 2420 Spi·
940 2367 1007 2423 puras
1021 2365 1035 2404 a
1047 2352 1132 2407 sacris
1146 2351 1325 2408 rotuminibus
1338 2352 1489 2423 accepistis.

99 2451 287 2506 ritussanctus
301 2443 501 2516 intingimus,
515 2443 688 2500 etesiumnia
704 2443 831 2514 serapbin
846 2442 890 2498 in·
979 2461 989 2493 ι
1008 2441 1121 2513 Explicit
1136 2443 1248 2512 epistola
1262 2457 1337 2515 papae
1352 2443 1450 2499 Felicis
1464 2442 1498 2498 ad
1514 2443 1621 2500 Petrum
1637 2441 1728 2498 Antio·

100 2541 219 2607 teratur,
233 2553 312 2609 quiam
333 2552 393 2593 curn
416 2550 470 2591 non
486 2534 645 2591 Trinitatem
665 2533 815 2605 ntoriiieare
828 2549 890 2591 cre·
941 2535 1056 2591 ebenum
1069 2535 1200 2592 damnans
1213 2551 1275 2593 eum
1288 2553 1294 2590 :
1306 2551 1366 2608 quse
1381 2535 1493 2607 epistota
1507 2543 1569 2591 unte
1581 2533 1730 2591 damnatio·

100 2632 191 2702 datur,
207 2645 267 2686 cum
288 2629 379 2685 dicunt
394 2627 525 2692 Sanctus.
542 2626 671 2690 Sanctus,
686 2625 820 2693 Sanctus,
843 2624 890 2681 scd
942 2642 1004 2682 nem
1018 2623 1110 2681 itcscii
1125 2633 1252 2697 quantum
1269 2625 1328 2698 ejus
1343 2633 1433 2682 textus
1446 2624 1545 2681 indicat
1555 2624 1733 2694 comprehen-

101 2723 187 2780 sotam
202 2721 366 2793 personam?
379 2719 445 2788 Qua
464 2717 606 2774 internatts
621 2717 731 2772 haeresis
746 2716 781 2772 ita
797 2715 892 2772 crude·
943 2718 1014 2774 ditur
1022 2716 1119 2788 scripta
1132 2732 1140 2783 ;
1155 2716 1202 2773 sed
1222 2716 1284 2786 quia
1296 2731 1357 2773 curn
1370 2716 1484 2773 sitorum
1499 2715 1596 2771 titteris
1610 2715 1643 2770 ad
1654 2729 1733 2770 eum·

100 2814 198 2872 deliter
213 2821 243 2869 ut
255 2827 305 2869 ros
321 2808 500 2868 inverecunda
515 2808 576 2864 iuit.
598 2807 789 2864 Verumtamen
804 2804 892 2863 adbuc
942 2810 1004 2866 dem
1030 2811 1138 2867 Petrum
1150 2809 1259 2866 directis
1273 2808 1300 2864 in
1322 2808 1417 2866 Graeco
1433 2807 1571 2865 uolumine
1584 2808 1734 2877 reperimus

102 2906 130 2961 5¹¹
148 2905 201 2962 ³⁵¹²
218 2903 401 2961 dimittebas
420 2903 539 2958 millite
559 2913 643 2972 uitus
661 2899 695 2955 td
719 2898 891 2963 fundamenta
944 2906 978 2963 de
997 2906 1092 2962 Latino
1108 2906 1260 2972 translatas,
1275 2918 1343 2977 quas
1357 2919 1428 2960 nuuc
1443 2902 1584 2960 iterumde
1598 2900 1693 2958 Graeco
1706 2901 1734 2956 iu

102 2994 328 3068 bl¹⁸i>¹¹0¹¹¹l²¹¹¹¹¹¹
354 2992 399 3050 ⁰05
426 2993 577 3064 diffinitus
602 2991 720 3058 Filium·
745 2990 851 3047 Patrem
866 2999 895 3047 et
946 2998 1070 3055 Latinum
1093 2998 1254 3056 necessitate
1274 2996 1406 3068 compulsi
1428 2994 1620 3052 transferentes
1634 2990 1736 3049 descri-

102 3089 231 3161 Sitffllllm
250 3096 372 3146 ”illlum
387 3086 520 3154 dicentii·
534 3084 683 3143 sibellium
698 3084 850 3153 secmliii.
865 3090 928 3154 etc
945 3091 1046 3162 psinrus
1059 3098 1169 3161 propter
1189 3089 1378 3146 baercticorunr
1393 3087 1517 3154 insidias,
1534 3094 1561 3144 et
1576 3083 1738 3158 supradictis

102 3180 287 3238 contusionem
312 3179 457 3244 inducitis,
483 3184 511 3234 et
530 3176 670 3233 Trinitatis
695 3176 892 3233 confessionem
946 3182 1066 3252 epistolis
1080 3182 1201 3254 ejusdem
1217 3180 1521 3253 papaeeopnpctimus,r

809 3312 974 3372 ettstotu
991 3317 1024 3373 V.

688 3421 726 3459 tn
745 3420 894 3462 ZENONB!
914 3422 1158 3464 incentiones.

104 3499 216 3559 Nuntiat
231 3498 378 3565 irripuerntsri
391 3496 494 3553 Petrum
507 3494 532 3549 F
535 3497 646 3551 rationem
657 3498 777 3568 synodali
784 3499 885 3570 judicio
899 3500 1022 3556 sententis
1035 3501 1205 3555 anathematis
1213 3500 1424 3565 cendeuntotnnt,
1435 3499 1542 3567 ideoque
1555 3499 1587 3552 rt
1600 3503 1656 3572 ejus
1667 3514 1739 3553 rost·

140 3586 263 3713 mmo
285 3569 463 3624 obtinendum
482 3583 548 3625 esse.
572 3566 700 3623 ltorttttrtr
721 3571 836 3625 eumdem
850 3571 1031 3641 imperatorem
1055 3579 1082 3625 ut
1102 3570 1208 3626 Petrum
1229 3571 1425 3642 depositiones
1447 3569 1604 3624 Antioclteus
1622 3569 1739 3625 Ecclesia
1787 3631 1788 3634 ρ

260 3740 273 3770 ·
288 3729 488 3787 Gloriosissiruo
504 3743 535 3787 ae
548 3728 720 3787 serenissimo
739 3730 794 3788 libo
809 3730 911 3789 Zenoni
928 3733 1048 3804 Auguste
1061 3729 1137 3789 Felix
1151 3730 1327 3803 episcopusin
1342 3731 1455 3789 Domino
1465 3732 1589 3790 salutern.

142 3843 274 3902 moronti
291 3840 445 3898 cteroeutias
464 3851 517 3898 tuae
530 3855 621 3896 rerum
635 3839 757 3897 ordinem
774 3841 899 3899 nuntiare
985 3843 1076 3920 Πρέπει
1091 3852 1123 3919 τῇ
1139 3852 1172 3919 τῇ
1185 3843 1354 3920 ριλινθρωτιρ
1366 3850 1450 3901 ταῦτα
1467 3847 1483 3899 ἃ
1497 3845 1653 3920 reptantes
1671 3862 1741 3911 τερα·

104 3947 244 4011 fleturum
264 3950 313 4003 pro
332 3934 524 4005 tranquillitate
538 3933 642 4003 imperii
655 3933 809 3990 serenitatis
829 3943 898 4002 tuac,
949 3935 1050 4004 γμάτωε
1068 3932 1222 4007 ἁταρρεῖλαι
1237 3935 1321 3997 τάξει.
1340 3931 1407 4009 ἄτιρ
1428 3936 1471 3989 καὶ
1489 3934 1579 4007 apansa
1594 3931 1742 4006 ἀπαγρεῖλαι

106 4044 199 4091 ntoro
213 4028 344 4101 suscipias
366 4043 473 4100 precem
497 4042 584 4084 meam
604 4042 637 4083 ac
656 4028 678 4082 si
700 4026 758 4097 ipse
782 4041 900 4096 present
950 4026 986 4084 εἱ,-
999 4025 1115 4099 apertas
1128 4031 1172 4082 τοῦ
1187 4032 1233 4087 τῆς
1251 4033 1299 4086 sir
1319 4025 1486 4097 ναληνότητες
1500 4027 1618 4100 κράτους·
1635 4009 1680 4078 καὶ
1696 4045 1741 4079 ιιι·

106 4139 220 4192 mem,
244 4122 367 4195 bettissnis
387 4121 498 4177 auribus
522 4121 592 4188 tuis,
614 4131 641 4176 ut
655 4107 901 4176 christianissimus
951 4119 1029 4192 θὰπιρ
1045 4118 1078 4178 ὡς
1089 4118 1166 4191 ὶγρὺς
1180 4116 1329 4190 τυγχάνων,
1339 4114 1477 4191 παρακαλῶ
1487 4119 1532 4174 τὴν
1543 4114 1603 4184 ipris
1615 4114 1742 4187 ἱκετηρίαν

107 4218 257 4286 imperator
271 4223 318 4280 ;et
332 4226 500 4283 nequaquam
515 4210 661 4267 arbitretur
673 4211 758 4282 pietas
771 4218 816 4265 tua
826 4211 900 4266 iiinrn
953 4207 1070 4273 ditandae
1084 4217 1140 4270 ταῖς
1154 4208 1298 4280 prioritate
1311 4208 1381 4279 ὑμῶν
1395 4209 1499 4273 ἀκταῖς,
1515 4208 1549 4267 ὡς
1562 4205 1742 4279 miraeanis·

108 4321 243 4378 putebat
260 4305 341 4362 corde
360 4306 491 4376 diligete,
514 4304 665 4375 quicunque
686 4312 713 4359 te
727 4319 819 4374 pacem
839 4319 901 4360 cunt
954 4321 1031 4362 rerer
1049 4299 1081 4356 ὧν
1099 4301 1233 4373 βασιλεὺς·
1249 4298 1374 4374 μηδαμῶς
1386 4319 1414 4356 τε
1428 4301 1444 4358 ἡ
1458 4304 1491 4359 σὴ
1512 4294 1742 4359 tristitudinem·

110 4398 170 4454 Deo
184 4399 282 4453 babere
295 4412 349 4453 uon
364 4397 432 4452 nult.
442 4395 574 4465 Quoniam
585 4409 649 4451 tero
664 4393 733 4449 idoli
745 4405 903 4450 merttecrc·
952 4394 1004 4451 irin
1018 4392 1104 4467 ἕτερὸν
1119 4413 1176 4446 τινι
1193 4393 1259 4465 prad
1278 4392 1393 4466 καθαρᾶς
1410 4399 1456 4450 ric
1470 4388 1581 4449 διανοίας
1598 4389 1665 4459 ἡμᾶς
1679 4388 1746 4459 ιἰρα·

108 4487 215 4555 didisti.
230 4503 280 4545 ned
294 4488 407 4559 ambigis
426 4495 455 4544 et
475 4484 631 4555 temporalis
648 4484 709 4541 solii
729 4492 900 4556 potestatem,
954 4489 1014 4555 πᾷν,
1031 4483 1258 4542 citatiotiones
1272 4483 1423 4554 βουλιμὲνον
1437 4501 1466 4536 σι
1482 4483 1546 4552 μετὰ
1560 4486 1605 4536 τοῦ
1619 4485 1683 4535 Θεοῦ
1698 4483 1749 4539 niu

108 4588 143 4636 et
160 4589 268 4636 aterum
282 4580 345 4635 ritas
359 4577 560 4634 retributionem
580 4589 699 4647 superno
711 4590 744 4632 ex
765 4585 902 4634 momento
954 4578 1052 4652 εἰρήνην
1064 4573 1147 4647 ἔχειν.
1161 4575 1310 4650 ἐπειδήπερ
1323 4576 1349 4629 tn
1361 4584 1454 4636 πιστῆς
1467 4575 1615 4651 ὡρμημένοι
1626 4583 1671 4636 τῆς
1686 4572 1744 4631 δια·

108 4670 249 4743 pendere,
267 4685 316 4742 pet
327 4679 446 4725 nostram
460 4669 541 4724 etiam
559 4669 720 4740 parvitatem
734 4665 844 4738 dignare
858 4682 902 4724 stt·
915 4662 941 4724 D
952 4675 1035 4738 antor,
1051 4674 1094 4727 οὐκ
1107 4671 1273 4744 ἀμφισὸντιῖς
1285 4677 1330 4727 τοῦ
1344 4671 1499 4746 προσναίρον
1511 4670 1599 4745 θρόνον
1614 4674 1659 4729 τήν
1673 4668 1745 4734 ἕξον-

109 4765 218 4834 scipcre
228 4779 289 4820 reor
296 4762 409 4819 rabilem
422 4776 454 4818 ac
468 4761 586 4817 diuinam
598 4759 745 4816 beatissimi
758 4756 830 4815 Petri
840 4774 910 4815 eon*
956 4773 1023 4834 etan
1037 4770 1080 4826 „at
1094 4776 1140 4830 nir
1156 4768 1256 4823 stanton
1274 4770 1339 4831 ζωῆς
1355 4769 1400 4825 τὴν
1413 4763 1579 4820 &enimn
1593 4771 1639 4825 τῆς
1654 4757 1752 4819 inodu'

108 4855 461 4926 sessionenmpostotorum
472 4853 579 4910 scilicet
588 4852 727 4923 principis,
736 4852 780 4909 cui
792 4861 820 4908 et
829 4854 903 4924 repul
955 4866 1035 4944 ῥοπῆς
1051 4862 1186 4938 ἠρτῆσθαι,
1204 4858 1247 4917 nt
1259 4880 1286 4917 τ.
1300 4867 1346 4921 τῆς
1360 4861 1429 4931 ἡμῶν
1443 4859 1612 4935 βραχύτητος
1628 4857 1747 4924 342an

107 4945 203 5002 clares
215 4961 232 5000 a
244 4945 385 5004 saltatore
400 4944 505 5001 tradite
517 4944 644 5015 sunt,qui
655 4943 736 5000 etiam
746 4944 905 5015 preparabit
954 4959 1110 5021 ornatiores
1123 4958 1169 5014 „p
1187 4956 1300 5020 mne,
1321 4953 1363 5007 „nt
1383 4952 1535 5024 ⁰³⁵ii⁰t⁰¹⁰t
1553 4950 1684 5023 ipotaptra
1700 4955 1747 5006 wo

106 5039 345 5097 christianissimo
362 5037 475 5111 imperio
494 5045 585 5093 uestro
600 5036 688 5093 laeum
712 5037 739 5093 in
760 5036 830 5094 coeto
843 5051 904 5093 cum
956 5047 1152 5124 peroptaverant
1164 5046 1269 5124 ῐιετρου,
1280 5050 1327 5101 τοῦ
1337 5045 1524 5120 τριτοστάτου
1532 5049 1581 5099 τῶν
1589 5041 1747 5106 ἀποστόλων,

107 5131 214 5188 sanctis
223 5131 325 5203 angelis
335 5148 343 5199 ;
354 5129 453 5203 quique
463 5128 657 5186 immutabilem
669 5137 696 5184 et
706 5128 902 5184 immaculatam
958 5136 985 5201 ὃς
1000 5140 1042 5193 „nt
1053 5141 1100 5198 atr
1112 5144 1158 5198 03,-
1173 5136 1306 5212 βρσὼῑας
1319 5134 1383 5196 atate
1395 5134 1446 5190 ὑπὸ
1458 5140 1503 5190 τοῦ
1516 5140 1630 5208 Σωτῆρος
1643 5152 1748 5189 mo.

108 5225 195 5281 tldem
219 5226 247 5282 in
262 5225 406 5281 Dominum
428 5233 549 5282 nostrum
573 5222 665 5280 iesum
687 5220 904 5290 carinianum
957 5232 1018 5296 θεὶς,
1032 5226 1525 5306 τροιετρεπίαειτρ·ριλοχρὶιτῳὺμῶι
1537 5224 1654 5297 βασιλείᾳ
1667 5225 1748 5282 risis

110 5316 211 5373 Filium
235 5318 421 5388 unigenitum,
441 5317 543 5388 primns
564 5329 744 5385 exponens.s
761 5314 904 5372 salvatore
958 5323 1077 5394 ὑψίστοις
1090 5320 1274 5394 μιτάὰρριλωι
1287 5316 1420 5392 drepanio·
1436 5313 1514 5380 ὅςκαὶ
1525 5321 1570 5375 nris
1583 5312 1749 5388 ἀπαράλλαχ.

109 5410 174 5481 ipse
187 5409 280 5468 beatus
292 5411 444 5469 estdictus.
456 5408 522 5465 Nam
537 5408 666 5479 cumipse
679 5407 790 5464 dixisset
804 5407 836 5464 ad
849 5407 901 5465 Do·
958 5435 1011 5478 τρε,
1029 5417 1072 5468 ani
1091 5414 1227 5485 ἁρὼμητιι
1245 5412 1332 5466 τίσειν
1351 5411 1386 5470 rit
1403 5409 1446 5463 τὸν
1464 5410 1555 5483 κύριον
1572 5410 1639 5476 ἡμῶν
1650 5408 1747 5462 ‘inemo

109 5505 228 5571 utinum,
240 5503 279 5560 Te
288 5521 315 5561 et
325 5502 441 5561 Citrittttt
454 5501 478 5558 F
479 5503 540 5559 ittae
555 5499 604 5556 θεῖ
618 5501 666 5556 νίνί
677 5499 904 5571 (Μαηὶι.ινι),αΙ)
957 5505 1078 5582 Χριστὸν,
1088 5507 1128 5559 sari
1144 5509 1262 5577 μονογενῆ
1276 5507 1321 5557 τοῦ
1335 5504 1400 5556 Θεοῦ
1412 5499 1478 5565 sib,
1491 5503 1591 5570 πρῶτος
1608 5496 1746 5567 instipatum,

152 5677 165 5705 ¹
182 5668 243 5726 ttae
261 5669 322 5726 data
341 5667 374 5725 ad
393 5667 528 5726 'lenonem
543 5676 602 5736 post
618 5664 748 5736 synodum
763 5665 839 5759 Rom.
856 5678 900 5720 an.
913 5660 979 5729 tii„
