3788 6120
138 309 189 366 155
515 300 521 312 ”
596 251 602 260 Ι
764 287 884 350 stoontt
904 285 1129 348 niolittltnttts

139 424 182 477 nix
197 434 243 490 per
255 415 343 472 nnuria
358 415 473 482 abnue,
484 423 607 474 macena,
624 406 759 479 prmtnrin,
772 404 840 467 lora,
858 410 925 455 tem·
941 407 964 462 Α
978 401 1047 456 serui
1069 401 1284 472 peregrinantur.
1302 393 1356 471 ltg
1370 398 1403 454 Et
1421 403 1491 454 nun'o
1504 395 1591 468 (proli
1605 410 1648 469 pur

140 515 193 582 pla,
212 500 518 593 gyirrnasiq,···talsssio
542 499 714 556 lescenninus
735 495 926 564 explicaretur.
980 492 1134 560 relinquare
1156 493 1226 547 inter
1239 491 1385 560 bussequas
1409 491 1568 555 rusticanos,
1592 487 1648 545 subi

140 604 226 671 nique
243 588 389 656 etiarntnli
411 593 565 651 econtrario
583 590 672 645 studln
694 586 802 648 sileant,
822 581 928 652 negotiu
981 583 1150 636 mnelrnntes.
1174 583 1278 651 Quippe
1305 581 1328 637 si
1352 590 1380 634 ct
1402 590 1525 650 eampum
1547 581 1618 635 sire
1641 588 1648 634 t

140 694 288 763 quiescant,
309 664 414 758 iudicla'
429 683 620 745 conticescant,
645 677 802 733 differantur
818 674 929 744 legatio·
981 673 1147 743 proscindas,
1163 682 1210 728 sut
1221 673 1288 742 prati
1303 673 1400 728 boreas
1413 687 1479 741 opes
1489 672 1580 743 panda
1593 685 1648 728 cur<

143 799 200 847 nes,
216 788 293 835 vacet
305 744 434 836 aesbitus,
445 784 471 829 es
485 774 556 827 inter
571 768 750 825 scurrilitates
770 766 929 820 histrionum
982 763 1128 834 populeris,
1147 772 1194 817 aut
1212 763 1318 818 rineem
1341 762 1449 831 palmite
1463 773 1571 833 parem
1593 774 1648 819 een

122 884 171 935 ,to
184 887 216 928 us
235 870 370 924 actionum
387 863 518 920 seriarum
543 869 629 914 smirne
653 857 849 927 peregrinetur.
871 853 930 909 lam
981 854 1044 907 stris
1058 855 1146 907 iossnr
1160 851 1293 917 invertas3
1315 860 1380 906 taine
1397 851 1501 906 esttibi
1523 856 1630 907 sutntss

121 942 127 1005 ¹:
143 961 250 1030 quidem
266 955 341 1025 uirgo
353 951 447 1007 tradite
457 957 509 1014 est,
523 949 578 1017 jam
592 946 605 985 ¹¹
618 960 716 1001 corone
730 959 856 1014 sponsus,
875 943 931 1013 jam
983 940 1130 996 beatitudo.
1143 942 1212 1010 Quin
1226 943 1316 1011 potius
1327 934 1526 1012 expergiscere,
1538 949 1567 999 et
1579 941 1615 997 sd
1629 956 1648 999 st

145 1051 259 1121 pnbnata
282 1041 439 1105 consularis,
463 1041 519 1109 iam
533 1037 643 1109 cyclade
658 1036 709 1107 13
733 1035 932 1105 prornrlm,iam
983 1032 1074 1101 pingui
1093 1033 1149 1088 otio
1168 1029 1316 1095 marcidus,
1343 1041 1371 1087 ct
1395 1032 1514 1088 innerris
1530 1032 1641 1090 animos

147 1153 206 1212 toga
220 1147 329 1195 senator
342 1136 498 1194 honoratus,
511 1129 566 1200 jans
582 1128 705 1198 persidam
720 1126 831 1196 deponit
844 1125 933 1195 inglo-
955 1118 956 1121 ’
984 1119 1042 1176 Non
1053 1122 1193 1177 minusne
1207 1131 1311 1176 tuorum
1325 1121 1452 1177 natalium
1465 1123 1533 1189 siro,
1546 1136 1648 1193 pessos

145 1232 218 1286 rius:
233 1225 390 1283 etnondum
409 1230 499 1278 lamen
521 1229 618 1274 cuncta
639 1217 819 1272 tlaaiamnrnm
836 1229 932 1286 pompe
983 1213 1122 1278 excolere,
1137 1226 1217 1282 qoam
1239 1212 1342 1269 vitiam.
1362 1210 1403 1268 sd
1425 1222 1648 1287 extremumque

145 1318 310 1385 delremuit,
331 1313 393 1383 quia
415 1309 529 1367 necdum
545 1308 602 1364 ted
624 1305 712 1363 mariti
734 1305 843 1362 domum
866 1318 934 1359 nora
984 1304 1131 1373 juventutis
1141 1305 1298 1360 exercitium
1312 1306 1443 1374 appellas,
1456 1305 1508 1361 boe
1519 1315 1562 1364 est
1575 1306 1648 1363 otius

147 1423 230 1477 sarapta
241 1407 375 1478 migrarit.
396 1403 454 1473 Qua
472 1401 620 1458 iestidtete
635 1400 760 1466 daeoms,
775 1411 874 1455 cetera
889 1399 935 1453 tibi
987 1410 1094 1461 norom,
1115 1397 1269 1467 inquorum
1290 1395 1415 1452 manibus
1437 1397 1524 1457 ederis
1538 1412 1648 1456 eneesr

148 1501 270 1556 laborum
288 1509 409 1552 rumruur
425 1490 562 1549 molimine
580 1490 783 1554 reserabuntur,
798 1489 822 1543 si
846 1500 936 1543 tarraco
987 1500 1048 1541 sero
1071 1485 1160 1557 ligone
1183 1495 1330 1543 mutantur.
1354 1486 1427 1555 esto,
1444 1487 1648 1557 multiplicetist

149 1590 189 1645 rel
203 1599 387 1645 consummata
410 1583 567 1641 solemnitas
585 1582 731 1651 aliquando
751 1580 938 1636 terminaverit
988 1577 1096 1633 mabnnt
1112 1586 1199 1634 musis
1223 1578 1329 1644 sitietis,
1351 1583 1507 1636 innumeros
1528 1588 1637 1650 ‹puoqoe

149 1681 227 1736 istam
252 1679 334 1735 totins
359 1675 477 1733 ciritstis
502 1674 735 1744 occupetiseiruam
760 1673 934 1728 reensionem.
990 1670 1110 1740 frugibus
1124 1681 1199 1740 nupta
1214 1673 1349 1742 congestis
1363 1672 1461 1728 hortea
1477 1670 1590 1738 debunt,
1603 1666 1648 1729 der

150 1770 224 1827 lule.
953 1764 1036 1824 ttcrrs
1049 1763 1167 1834 gravidis
1189 1764 1316 1819 uberibus
1338 1765 1364 1820 in
1385 1765 1526 1821 naulorum
1547 1778 1596 1837 per
1609 1764 1647 1821 ss

428 1854 594 1911 El‘lsiobe
614 1853 659 1909 vt.
989 1855 1125 1910 caularum
1149 1854 1254 1925 pinguis
1269 1854 1317 1910 tibi
1340 1859 1432 1925 pastor
1454 1854 1593 1914 includet:
1610 1862 1648 1929 qis

304 1945 450 2006 sternunt
466 1945 592 2015 Eutropio
606 1962 653 2000 sno
664 1944 785 2000 sulutem.
922 1920 958 1995 θ
991 1955 1044 2001 tam
1059 1947 1200 2003 iaecntcnto
1215 1948 1402 2017 patrimonium
1425 1949 1592 2020 promovisse
1605 1962 1648 2007 cot

186 2040 258 2100 btt-
280 2041 387 2115 quidem
411 2039 534 2096 scribere
557 2038 605 2093 tibi
627 2037 866 2109 concupiscebam,
893 2044 940 2090 seu
990 2042 1397 2111 ctnorrsoluminterista‚ecd,
1412 2041 1482 2113 quod
1492 2054 1533 2100 est
1547 2042 1648 2116 turpior

151 2134 276 2191 1111111111
291 2131 407 2188 timim
420 2130 555 2201 impellor,
569 2128 597 2185 id
611 2136 663 2197 0⁸²,
676 2143 737 2185 cum
751 2127 816 2183 milri
837 2128 939 2182 duceris
992 2135 1041 2189 ista
1057 2133 1186 2189 latuisse?
1201 2132 1258 2188 Non
1273 2136 1396 2203 nequiter
1415 2144 1442 2190 te
1453 2135 1561 2190 concilii
1575 2144 1648 2207 temp

152 2226 179 2279 in
204 2222 313 2289 1111111111,
329 2221 436 2277 Christi)
457 2219 634 2291 propitiam,
651 2219 692 2274 via
715 2219 842 2290 1111111111.
869 2217 942 2272 St'l'i·
991 2225 1115 2282 sedentes
1129 2233 1322 2296 censentesque
1333 2224 1455 2296 juvenes,
1471 2220 1648 2297 inglorium]

153 2313 232 2369 beudi
252 2327 331 2368 causa
355 2312 397 2367 rel
419 2311 487 2378 sola,
504 2311 547 2365 rel
560 2309 688 2376 maxima,
700 2324 752 2380 qna
770 2317 797 2365 te
811 2309 941 2364 sciliceta
991 2332 1083 2374 genem
1105 2322 1231 2385 stantem,
1246 2314 1362 2373 nobilem
1377 2318 1571 2374 laetabundum
1585 2326 1648 2390 paq

153 2404 285 2474 prolundo
294 2403 448 2460 domesticae
460 2402 559 2472 quietis
571 2412 722 2459 extractum
732 2401 766 2456 ad
779 2402 942 2471 capessenda
993 2409 1080 2464 noran
1102 2409 1234 2464 sententia
1257 2418 1369 2479 premet,
1393 2423 1454 2464 cum
1474 2423 1521 2465 eos
1541 2423 1612 2480 quos
1625 2423 1648 2466 er

154 2494 280 2551 ‘militiae
302 2495 425 2563 palatinae
448 2494 537 2549 munia
552 2507 656 2549 vocem
673 2493 851 2558 iiisadditur,
873 2494 942 2562 aqanod
992 2519 1073 2573 gnum
1088 2501 1112 2556 si
1133 2502 1244 2570 uestigia
1258 2510 1349 2558 nostra
1363 2509 1552 2572 sequerentur,
1572 2498 1648 2558 nider

153 2602 264 2644 rnunore
282 2587 329 2643 bei
344 2586 391 2641 tibi
404 2586 529 2657 congruit
540 2585 602 2651 aeri,
617 2585 751 2655 corporis,
772 2586 852 2640 enimi
869 2589 943 2657 vigor
993 2591 1179 2648 antecessisse.
1195 2591 1248 2649 Sed
1263 2592 1326 2663 quid
1342 2591 1437 2663 plural
1459 2591 1488 2648 st
1511 2590 1614 2664 pateris
1632 2586 1648 2647 b

154 2684 275 2751 integer;
288 2679 349 2734 dein
370 2678 440 2748 qnod
457 2679 545 2748 equis,
557 2678 650 2742 armis,
669 2687 753 2743 reste,
768 2688 886 2748 sumptu,
902 2679 943 2732 la·
994 2695 1136 2739 conatuum
1151 2693 1257 2739 tuorum
1279 2683 1369 2740 socius
1382 2683 1498 2753 adjutor,
1522 2681 1639 2753 previus

154 2771 260 2826 molitio
281 2768 444 2833 instructus,
467 2769 572 2836 sulum,
592 2769 641 2823 nisi
667 2768 796 2833 latlimur,
825 2771 944 2834 incipere
994 2778 1648 2836 010,senensemriteenbpnsisqepeimmoeffl

155 2861 302 2919 iornridas:
318 2869 345 2916 et
358 2873 418 2915 eum
443 2860 481 2914 sis
500 2861 589 2914 alarer
614 2858 697 2920 domi,
722 2859 748 2914 in
767 2859 945 2929 aggredienda
995 2871 1077 2936 luens,
1094 2871 1189 2931 meeis,
1206 2879 1235 2925 ,η
1249 2872 1334 2936 arunt,
1349 2868 1641 2940 sspqeufinopmsphq.

156 2953 370 3024 peregrinatione
385 2951 517 3021 trepidum
533 2961 560 3007 le
575 2952 647 3008 iners
659 2950 907 3022 despenliolacil:
922 2953 944 3007 si
995 2962 1154 3034 qqijacgupn
1169 2961 1275 3018 virtutis
1301 2961 1428 3026 admissa,
1450 2974 1584 3017 eumenum
1609 2958 1648 3033 u

157 3054 245 3100 utinen
258 3043 386 3099 senatorii
400 3043 510 3097 seminis
524 3043 615 3106 bomo,
627 3045 672 3112 qui
682 3042 802 3111 quotidie
817 3043 945 3100 trabeatis
995 3055 1052 3111 3012
1062 3054 1184 3124 corporis
1197 3054 1333 3124 volupiam
1352 3053 1524 3120 determina,
1539 3061 1625 3111 qam
1642 3042 1648 3110 i

157 3150 316 3217 proasprnm
329 3133 488 3203 imaginibus
507 3134 646 3202 ingeritur,
662 3134 735 3204 juste
753 3133 844 3191 dicere
858 3146 945 3204 potest
958 3113 983 3181 C
996 3148 1080 3217 jen-02,
1096 3153 1181 3202 sessor
1194 3154 1318 3216 prosperos
1340 3152 1456 3212 nonime,
1482 3144 1545 3201 huie
1565 3159 1612 3203 m.
1631 3158 1648 3201 tt

157 3237 242 3283 esnrct
255 3225 465 3296 peregrinatum,
479 3225 504 3279 ei
518 3225 603 3281 semel
616 3235 645 3282 et
667 3226 694 3281 in
716 3225 826 3296 juventa
848 3227 945 3283 sideria
999 3247 1059 3295 pesp
1071 3238 1217 3295 confinem,

158 3320 322 3377 domicilium
343 3319 448 3390 legunt,
469 3318 636 3391 gyrrmasium
661 3320 822 3387 litterarum,
844 3324 944 3377 citriam
1273 3324 1439 3381 teutsinus
1459 3324 1514 3380 vlt.

157 3411 325 3493 dignitptom,
348 3410 474 3467 verticem
496 3412 599 3474 mundi,
621 3413 734 3480 patrium
757 3413 902 3478 libertatis,
919 3418 944 3470 in
1167 3415 1290 3472 Sidonius
1306 3406 1438 3470 Vincentio
1449 3432 1495 3469 sao
1507 3415 1627 3474 solnm

157 3519 209 3574 qua
223 3501 326 3559 uniea‘
347 3505 427 3558 totius
447 3504 565 3558 tmundi
587 3504 696 3559 ciuitate
717 3503 768 3559 soli
789 3503 896 3560 berbnri
919 3514 947 3561 et
1037 3508 1117 3577 dogit
1140 3502 1212 3562 mel·
1231 3519 1310 3562 rasus
1334 3506 1462 3571 errandi,
1488 3521 1538 3562 nec
1561 3498 1648 3564 etesi·

196 3650 208 3679 ¹¹
226 3640 271 3696 Sic
291 3637 353 3692 libri
374 3638 482 3761 opfimae
502 3646 584 3692 arctae.
609 3637 659 3690 niti
680 3635 814 3704 lisoiensis,
829 3636 898 3702 quod
914 3635 947 3690 ad
1002 3640 1107 3702 leeillo,
1122 3647 1150 3692 nt
1165 3640 1272 3691 director
1283 3651 1348 3690 unos
1361 3636 1395 3690 od
1407 3636 1498 3698 rirnrm
1511 3652 1562 3689 non
1575 3636 1648 3691 ensi

159 3726 215 3766 rcm
228 3710 293 3765 nibil
310 3709 382 3762 lucit.
421 3708 561 3762 alessiouis
575 3717 663 3761 autern
683 3713 713 3762 ct·
734 3721 783 3762 tos
798 3719 826 3763 ct
840 3722 948 3763 carmen
1021 3705 1051 3747 ·⁴¹
1065 3708 1130 3763 Viro
1149 3708 1245 3773 nobili,
1260 3708 1346 3761 adbuc
1360 3707 1466 3776 quidem
1483 3709 1648 3831 privatius·

159 3789 250 3836 ιιοιιιιιι
265 3778 412 3843 innuptiis.
1001 3778 1072 3834 lecto
1086 3777 1210 3847 pretorio
1223 3777 1380 3841 Galliarum,
1396 3777 1442 3831 lib.
1458 3792 1495 3841 ιιι,
1512 3777 1593 3844 epist.
1625 3818 1632 3831 .

195 3848 209 3887 b
224 3848 305 3904 l‘rimi
319 3845 463 3903 Christiani
478 3860 576 3902 corona
591 3845 618 3900 in
634 3845 734 3913 nuptiis
749 3845 790 3900 nsi
806 3861 859 3901 non
874 3854 947 3901 sunt.
1039 3859 1051 3887 0
1071 3849 1128 3903 Non
1144 3862 1214 3901 verae
1226 3847 1338 3911 militie,
1351 3846 1398 3901 sed
1410 3860 1463 3914 qno
1474 3859 1553 3900 sensu
1566 3842 1648 3901 millia

160 3918 225 3975 dam
239 3933 300 3972 cnm
315 3918 341 3971 iu
368 3917 486 3971 numinis
500 3916 613 3984 alicujus
634 3916 715 3970 tutela
730 3926 836 3971 sansonie
856 3931 950 3972 omnes
1002 3918 1066 3972 dicti
1081 3918 1229 3986 omnesqui
1243 3917 1269 3971 in
1282 3917 1340 3970 ernis
1355 3926 1505 3979 versantur,
1520 3916 1601 3970 etiam
1616 3914 1641 3972 si

160 3998 261 4051 essem,
273 3987 334 4042 ideo
347 3986 525 4051 abstinebant,
539 4001 571 4038 ne
585 3985 703 4054 prolana·
716 3985 853 4054 religionis
867 4001 907 4054 par
916 3987 949 4038 ti·
1004 3997 1128 4053 tractent,
1144 3996 1173 4041 ut
1186 3987 1292 4053 notarii,
1304 3987 1446 4048 scriniarii,
1461 3984 1642 4053 largitionales

159 4059 233 4128 cipes
245 4058 409 4112 riderentur.
423 4055 602 4112 Tertullianus
627 4054 677 4126 1Ig
696 4052 730 4109 dn
750 4057 856 4109 Coronae
880 4056 951 4109 rnili-
1003 4059 1146 4126 dequibus
1162 4056 1253 4112 titulus
1267 4056 1301 4112 de
1316 4056 1460 4125 privileniis
1475 4070 1569 4110 corona
1589 4055 1634 4125 qui

160 4132 195 4186 tis
210 4146 216 4182 :
232 4125 362 4183 Coronant
373 4136 397 4180 et
411 4127 508 4196 nuptie
520 4140 626 4197 sponsus
639 4140 648 4178 :
659 4137 681 4178 et
695 4125 752 4178 ideo
769 4139 819 4178 rron
834 4125 951 4179 nolimus
1003 4128 1067 4183 latio
1081 4128 1205 4182 militant.
1228 4127 1352 4192 Quinimo
1374 4125 1493 4180 militiam
1515 4126 1648 4193 palatinas

159 4200 278 4263 ethnicis,
291 4214 322 4251 ne
334 4212 381 4250 nos
391 4196 424 4249 nd
437 4195 613 4249 idololatrium
627 4209 707 4264 neqrre
721 4194 858 4260 dedecent,
871 4211 887 4248 ο
900 4212 950 4263 qno
1003 4206 1113 4253 armatae
1135 4197 1207 4265 leges
1221 4204 1366 4265 opponunt.
1388 4195 1449 4250 Tria
1468 4196 1540 4248 enim
1561 4193 1648 4249 onaniu

159 4269 230 4339 epod
241 4269 300 4322 illos
312 4266 408 4337 nuptie
419 4265 545 4334 incipiunt
568 4262 712 4333 Postqrmm
723 4262 803 4318 desiit
817 4263 869 4319 boc
882 4263 950 4333 pori·
1002 4282 1100 4338 genera
1113 4266 1297 4336 distinguunt:
1312 4273 1440 4320 armatam
1456 4279 1502 4318 seu
1517 4264 1648 4319 militarem

160 4342 262 4406 culum,
279 4339 419 4406 pristinum
432 4332 665 4399 moremnmpleni
687 4339 770 4387 surrt:
807 4336 950 4389 ormenti-
1002 4332 1648 4406 nocaricoepitpostquanrnrilit·aenoanenadali

161 4410 236 4478 quise
248 4424 319 4462 urum
334 4406 403 4476 apnrl
419 4404 545 4460 tlenreos
559 4403 640 4458 inisse
651 4403 727 4458 testis
738 4349 893 4469 olicias,
904 4404 949 4474 qui
1003 4416 1075 4471 tum;
1092 4408 1234 4478 patninnm
1249 4421 1341 4461 eornm
1355 4404 1398 4473 qui
1414 4403 1484 4458 intra
1497 4403 1648 4470 mistiones

161 4493 289 4548 sponsum
312 4492 410 4532 currina
433 4477 588 4531 decoratum
604 4473 731 4528 describit
740 4488 804 4543 cap.
817 4473 862 4530 61.
877 4474 951 4529 linei·
1005 4478 1110 4532 tertiam
1131 4477 1294 4545 reliquorum
1317 4476 1451 4538 omnium,
1467 4473 1513 4541 qni
1528 4473 1643 4531 dirersis

164 4549 215 4601 lius
229 4548 358 4601 Seleuciae
373 4548 400 4601 ln
416 4546 507 4602 Tecta.
518 4546 640 4619 Χομύσω
652 4546 702 4623 γὰρ
716 4544 758 4598 inl
770 4552 854 4619 τῷοῷ
866 4545 949 4618 γάμῳ.
963 4546 990 4609 Ι)
1004 4547 1232 4616 potestatibusque
1250 4544 1429 4613 apparebunt,
1444 4544 1532 4613 qualis
1546 4557 1608 4611 quas
1622 4558 1648 4599 st

163 4620 242 4691 Κᾲγώ
259 4615 285 4671 li
304 4619 431 4692 περιθήσω
451 4619 496 4688 μέν
509 4637 560 4681 σοι,
572 4618 700 4737 nefandissi
719 4612 746 4669 il
756 4622 793 4703 τῷ
804 4619 902 4695 νυμφίῳ
914 4622 950 4686 τῷ
1003 4617 1153 4672 consularis
1167 4625 1213 4670 aut
1231 4615 1399 4683 praesentiens
1414 4613 1562 4667 dicebatur.
1579 4612 1648 4669 1111111

164 4695 203 4757 σῷ
216 4689 259 4742 τὸν
272 4685 422 4740 πολύευκτον
436 4687 479 4741 iri
496 4704 564 4740 αοον.
577 4685 597 4738 Ί“
608 4685 754 4752 aeripbaues
765 4685 892 4740 biironaei
904 4700 952 4738 au·
1004 4687 1038 4741 de
1052 4687 1166 4742 diversis
1176 4684 1271 4739 nillciis
1285 4692 1313 4741 et
1323 4698 1414 4753 appar.
1430 4701 1437 4735 :
1452 4681 1595 4754 cujuslibet
1602 4683 1648 4755 jes

165 4768 223 4811 rtor
241 4755 268 4809 in
290 4754 467 4825 Copronyrnn.
502 4760 548 4819 Εζο
561 4759 606 4818 ξεν
625 4756 727 4813 sisinn
751 4757 837 4811 Διόντι
856 4763 892 4826 τῷ
905 4757 952 4826 υἱῷ
1004 4758 1113 4822 nitores,
1136 4757 1202 4808 in'er
1222 4770 1286 4823 qnos
1308 4756 1384 4808 etiarn
1407 4753 1584 4822 preferticnos
1606 4754 1648 4807 loe

145 4820 151 4887 1
166 4829 253 4894 αὐτοῦ,
268 4823 365 4912 etipse
381 4826 471 4884 αὐτοὺς
486 4826 510 4878 ln
523 4832 560 4896 τῷ
573 4832 625 4896 ναῷ
638 4814 684 4878 r'eai
695 4823 768 4894 iptio
783 4827 902 4908 tropicon
917 4833 952 4894 τῷ
1004 4841 1179 4897 quouscunque
1188 4825 1266 4877 oliam
1277 4825 1393 4877 militiam
1406 4822 1444 4876 cel
1455 4822 1598 4904 plotinum
1609 4818 1648 4877 sel

165 4905 210 4956 τῆς
224 4894 356 4968 {ineditae
370 4896 413 4947 ent
424 4900 470 4948 τοῦ
484 4894 577 4964 γάμου.
593 4891 685 4967 lrenen
700 4892 778 4948 Leoni
796 4896 853 4963 filio
874 4909 954 4962 copu-
1005 4896 1170 4962 transierint,
1183 4893 1327 4948 retrudendi
1342 4893 1389 4948 lros
1402 4907 1504 4962 copronr
1517 4892 1570 4946 ritis
1582 4906 1648 4962 μοι

167 4967 236 5024 lneit,
253 4979 378 5016 serotinos
390 4964 448 5016 illos
462 4963 488 5015 in
501 4962 581 5014 suncti
593 4961 718 5031 Steplreul
738 4966 833 5033 templo
853 4963 954 5034 imperii
1006 4965 1152 5019 tribulatus.

166 5034 242 5086 rirnnt
256 5049 285 5085 οο
299 5033 444 5099 nuptiarum
458 5046 563 5086 coronio.
1043 5035 1054 5073 ¹
1075 5036 1154 5090 Orbis
1177 5033 1280 5087 scilicet
1298 5031 1428 5099 Romani,
1449 5041 1510 5100 post
1526 5029 1648 5087 Antonin

203 5111 216 5141 1
230 5101 361 5154 bareendae
370 5103 402 5155 sd
415 5103 537 5155 naziritunr
548 5114 652 5172 sponsae
663 5101 778 5170 primum
790 5103 953 5172 exemplum,
1007 5105 1052 5173 qni
1066 5105 1137 5173 ‹prrorl
1150 5108 1279 5173 bargunto,
1296 5103 1318 5156 si
1335 5103 1409 5156 ilioni
1425 5102 1502 5160 lines,
1518 5102 1648 5156 siredebet

168 5173 306 5242 legensque
317 5185 331 5224 a
344 5171 398 5225 lieo
413 5186 546 5234 mannasse,
559 5174 602 5241 qni
616 5173 697 5225 liram
713 5173 746 5226 ad
760 5173 890 5228 Adsmum
906 5172 955 5228 de·
1007 5191 1037 5230 re
1055 5174 1175 5243 perfecit,
1190 5184 1218 5226 ιιι
1228 5174 1271 5240 jus
1288 5173 1413 5225 ttiiinme
1426 5170 1541 5224 civitatis
1559 5184 1648 5225 crrnrrs

166 5244 261 5306 stianit,
288 5240 381 5310 probat
398 5241 559 5296 seiertnnus
580 5242 652 5296 lionr.
669 5242 685 5296 5
700 5240 731 5294 'in
747 5242 931 5297 llcxaemeron
947 5258 955 5295 a
1008 5247 1132 5299 omnibns
1145 5243 1283 5312 subjectis.
1299 5242 1407 5297 Nrirelln
1419 5242 1453 5294 ts
1464 5239 1648 5309 iustinianiss

168 5317 217 5370 καὶ
231 5311 279 5389 o'pn
292 5312 334 5368 τὸν
349 5311 433 5384 νόμον·
450 5317 524 5366 πᾶσα
535 5314 583 5400 peip
600 5318 662 5366 Θεοῦ
677 5317 742 5383 poni
761 5314 862 5390 ἀρχαία
875 5310 956 5367 anneis
1009 5325 1039 5370 nt
1052 5316 1134 5370 lioma
1151 5329 1203 5369 una
1217 5313 1336 5367 omnium
1351 5313 1434 5379 pratria
1449 5318 1476 5364 et
1488 5310 1582 5364 civitas
1594 5323 1648 5367 eser

169 5384 197 5445 in
214 5392 259 5447 τῆς
278 5385 389 5455 φύσεως.
407 5378 513 5455 'lipoepts
532 5404 545 5437 ο
564 5383 624 5442 Θεὸς
641 5387 685 5440 rdn
705 5391 816 5455 poenino
834 5385 898 5461 πρὸς
913 5386 956 5439 τὸν
1008 5387 1077 5450 soli,
1091 5384 1163 5454 quod
1182 5385 1220 5437 ait
1242 5381 1384 5447 sidonius,
1409 5381 1541 5452 peregrini
1565 5392 1648 5437 dem

170 5455 244 5526 Ἀδὰμ
259 5457 302 5509 καὶ
313 5451 410 5525 ipsum
423 5458 499 5508 τοῦτο
512 5452 587 5523 νόμος
599 5453 647 5511 ἔως
661 5456 784 5530 eipepm,
795 5458 840 5512 rin
851 5461 958 5525 γυναῖκα
1008 5456 1098 5520 servi,
1119 5456 1145 5509 in
1157 5467 1224 5524 qatos
1235 5453 1277 5522 jus
1293 5451 1357 5506 ittnd
1367 5453 1464 5505 erdere
1477 5464 1530 5504 non
1545 5458 1648 5520 posent

171 5523 277 5598 debendus
286 5532 321 5595 τῷ
331 5522 413 5596 o'rndpi,
425 5524 453 5576 οὐ
463 5524 506 5577 τὸν
517 5519 595 5599 ἄνδρα
608 5522 671 5590 πρὸς
681 5528 725 5581 τήν
735 5531 853 5597 γυναῖκα.
867 5521 959 5594 Legem
1009 5524 1066 5580 buri
1080 5525 1124 5594 qtti
1138 5541 1190 5578 non
1205 5522 1331 5592 parebam
1344 5521 1466 5587 imperio.

172 5596 287 5658 ironice:
301 5596 381 5647 omnis
398 5597 490 5664 quippe
504 5595 608 5660 uertique
622 5606 670 5645 noe
688 5590 735 5646 Dei
748 5593 837 5663 regnln
857 5601 894 5645 cst
908 5609 956 5645 nc·
1046 5604 1058 5643 t
1076 5596 1102 5648 in
1117 5595 1250 5663 aliquibus
1264 5594 1338 5645 libris
1352 5592 1431 5646 orbis.

174 5675 244 5716 torn.
264 5662 341 5716 lienis
355 5662 425 5718 nens
435 5678 537 5717 risorem
547 5663 581 5716 orl
596 5660 728 5714 scirnisca
739 5671 824 5716 monet
837 5660 898 5716 lindi
912 5680 960 5731 qne
1049 5667 1099 5735 15
1115 5663 1126 5700 ¹¹
1144 5663 1259 5719 errandi
1275 5661 1354 5730 lrnjns
1369 5660 1484 5720 preelecti
1499 5659 1620 5717 ortetosli
1640 5659 1648 5714 1
