3788 6120
123 315 177 373 itti
612 353 617 363 .
755 311 875 371 stbotdl
895 312 1122 372 acocttttsttts

125 441 215 486 noster
228 429 401 488 amicitiarum
416 429 522 485 eulmen
535 427 650 483 editicat
669 445 676 480 ι
691 428 738 498 qni
749 427 820 483 sient
832 427 913 484 soda-
927 435 1049 501 Anngas
1064 431 1122 486 sire
1143 429 1279 484 cortileetas
1294 441 1377 498 opere
1395 429 1527 499 prosario,
1550 441 1599 482 sen
1620 440 1650 497 pn

124 523 194 578 libus
209 523 279 577 selon
291 521 412 576 Theseus
426 520 497 576 inter
506 521 625 577 secunda
638 521 768 585 sociatum
783 520 823 575 sle
832 520 867 575 ab
881 521 915 577 iis
965 521 1036 591 stylo
1047 520 1238 586 cantilenosas,
1257 517 1316 587 plus
1328 518 1493 572 srrlurninunr
1515 516 1633 573 leetions

124 615 293 682 postnrodum
318 613 392 668 vetor
412 612 525 668 Proteus
549 614 617 667 inter
637 611 750 667 adversa
772 611 914 671 dilabitur.
964 613 1154 682 repositorum.
1170 611 1280 666 Gaudeo
1297 610 1348 665 boc
1361 610 1511 680 ipso,qnod
1524 624 1650 680 recognnt

124 705 205 774 igitur
217 719 250 759 ιι
260 713 324 759 noto
334 718 396 758 uteo
409 703 517 767 leceris,
525 703 547 757 si
555 702 645 757 talium
654 701 791 757 sodalitati
803 717 836 757 ne
848 717 914 757 eon·
965 704 1027 759 tulis
1037 704 1161 772 oeerrpari
1179 702 1277 758 nostris
1291 703 1374 758 otium
1392 710 1477 757 tuum.
1501 702 1556 757 Sed
1573 702 1650 771 probs

123 808 216 864 gressu
230 795 338 866 quidem
351 793 468 865 primore
479 794 592 858 sociere,
602 793 718 849 maxims
728 793 835 849 illorum
846 809 914 863 quo·
965 796 1028 865 ligo,
1043 797 1112 868 qnod
1126 794 1246 851 moribus
1261 794 1313 850 tuis
1328 794 1397 850 bane
1412 795 1579 863 voluptatem
1593 806 1650 849 nan

124 901 183 940 rom
194 886 363 941 sermonibus
378 886 525 955 prostitutis
536 900 568 940 ιι
584 885 759 941 theatralibus
769 886 855 940 nullas
867 886 914 939 lra-
964 888 1075 945 ellectus
1089 888 1206 956 excudit,
1221 887 1267 942 sed
1286 887 1403 942 aucturis
1419 886 1539 941 aliectus,
1560 884 1650 955 ideoqt

125 975 224 1043 benus,
236 976 307 1033 nulla
327 976 467 1048 praemittit
480 975 607 1045 repagula
622 975 717 1045 pudor.
736 975 802 1032 Nam
818 977 916 1046 quibus
964 977 1062 1047 debeo,
1078 980 1140 1048 quia
1156 977 1251 1048 gloriae
1265 988 1391 1048 punctnrn
1407 977 1478 1046 quod
1500 975 1613 1031 dictioni
1634 990 1650 1031 n

125 1071 193 1124 citra
208 1069 355 1125 honestatis
375 1069 488 1123 nitorem
501 1068 695 1138 iactitabundis
707 1068 828 1139 loquacis
849 1067 915 1125 lases
965 1071 1011 1127 das
1025 1070 1159 1126 amicitiae.
1176 1069 1214 1125 bc
1227 1068 1333 1125 esteris
1344 1083 1408 1124 vero
1419 1068 1499 1123 studii
1515 1069 1600 1123 nostri
1616 1067 1650 1123 de

125 1160 280 1230 petulantia
294 1159 383 1229 lingua
400 1158 529 1228 polluitur
550 1157 681 1227 inlrsnis,
695 1157 736 1214 lris
750 1161 914 1215 conscientia
965 1163 1049 1229 ribus,
1063 1163 1128 1233 qnid
1143 1178 1175 1218 ex
1191 1176 1251 1217 asse
1264 1162 1447 1231 pronuntiem,
1467 1159 1586 1215 nondum
1601 1158 1650 1215 dell

126 1267 232 1324 qnoque
244 1250 455 1309 sordidatissima
465 1261 516 1307 est.
533 1251 654 1322 lienique
667 1251 773 1308 lucilius
784 1252 913 1323 obtingit,
965 1254 1032 1309 llam
1047 1253 1091 1324 qni
1107 1253 1223 1308 tnatinte
1241 1252 1291 1307 sibi
1306 1251 1401 1307 doctus
1416 1250 1531 1314 videtur,
1546 1248 1650 1305 diction

125 1355 155 1400 nt
169 1344 301 1414 qnlspiam
315 1344 385 1401 seria
399 1343 512 1415 loquens
529 1343 746 1411 rinatobseene,
770 1358 849 1415 quant
871 1359 915 1398 ιι-
966 1362 1028 1402 nam
1048 1354 1076 1402 et
1094 1347 1215 1402 insanam
1237 1345 1323 1402 ierme
1344 1346 1463 1414 appetitu
1478 1345 1536 1413 pari
1559 1342 1650 1399 rerolr

125 1437 180 1493 leat
200 1437 321 1505 ostendi,
346 1436 392 1506 qui
407 1435 509 1505 pariter
521 1434 620 1494 existat
632 1435 771 1505 improbus
783 1434 872 1502 dictis,
888 1444 916 1492 ιι
966 1437 1083 1508 amplius
1102 1438 1297 1506 correupiseens
1310 1445 1398 1491 erecta
1418 1449 1477 1505 qnae
1495 1432 1596 1499 landet,
1612 1448 1650 1504 qn

125 1528 227 1599 probus
241 1529 373 1586 moribus.
388 1527 466 1585 llals.
966 1539 1059 1601 specta
1073 1545 1134 1600 quae
1144 1529 1240 1585 rideat.
1258 1531 1345 1598 litque
1360 1529 1386 1582 in
1408 1527 1479 1582 nunc
1501 1526 1613 1582 modum
1637 1537 1650 1581 t

384 1617 552 1675 ttststotn
571 1618 641 1675 lllll.
966 1638 1074 1694 pompa,
1089 1623 1238 1693 proprietas
1259 1621 1356 1691 linguae
1373 1619 1475 1674 Latina
1490 1616 1599 1688 judiciis
1613 1616 1650 1671 oti

301 1709 425 1767 Sidonius
438 1709 548 1767 Placide
563 1710 737 1767 consalutent.
966 1715 1084 1769 marlino
1096 1714 1197 1782 spretui
1212 1721 1273 1767 est:
1289 1725 1401 1779 quornm
1419 1708 1572 1764 scurrilitati
1597 1720 1650 1777 neg

158 1804 316 1874 Quanquam
332 1816 356 1861 ιι
377 1814 422 1860 ιιι
445 1813 517 1861 tenu
535 1814 549 1843 ¹
564 1806 780 1875 Gratianopolis,
795 1805 915 1875 comperi
931 1817 1067 1877 geomes.
1081 1806 1132 1861 boc
1144 1801 1235 1859 solens
1247 1810 1347 1857 tanturn
1360 1798 1529 1870 legereqnod
1540 1805 1646 1869 carpat,

125 1904 213 1951 ιιιιιι
229 1896 375 1966 bospitium
385 1908 505 1952 reternrn
517 1895 570 1952 lldo
580 1896 677 1957 relatu.
692 1899 746 1968 83
758 1897 830 1968 quod
841 1913 915 1954 nreas
970 1899 1052 1955 utitur
1063 1898 1172 1964 litteris,
1187 1895 1258 1966 quud
1271 1894 1399 1951 abutitur.
1411 1891 1488 1948 Vale.

163 2069 293 2126 ⁸1lomen
312 2068 425 2124 inditrnn
440 2082 456 2123 a
471 2066 609 2124 Gratiano.
627 2066 709 2124 Vetus
725 2066 797 2124 enirn
812 2077 838 2123 et
858 2082 921 2137 pro·
971 2069 1006 2125 50
1024 2069 1115 2124 l'ianei
1129 2069 1162 2123 ad
1176 2066 1346 2133 Ciceronem,
1364 2065 1530 2137 quaestus
1547 2060 1612 2118 libri
1631 2076 1648 2117 ι

146 2139 214 2195 rinm
230 2139 397 2223 initCutaro.
413 2138 488 2223 liade
499 2139 568 2220 muri
578 2137 774 2222 Cularooenses
785 2138 919 2223 bodleqos
971 2139 1168 2223 minaresssz
1182 2137 1323 2221 legendnm
1341 2139 1396 2218 iant
1415 2137 1477 2192 oiim
1491 2137 1649 2192 centenimus

125 2155 247 2294 figuntur
257 2211 289 2294 jn
303 2219 710 2334 ³⁰J¹qf¹li²h¹¹¹l⁸⁰fl¹i¹¹⁰⁰⁰ffl⁰gf⁸
724 2217 849 2333 clrt'rtatrs.
861 2209 916 2292 llo·
970 2226 1021 2265 ιιι
1036 2213 1137 2277 serbis,
1148 2211 1276 2333 teletarche
1294 2225 1321 2262 aa
1334 2209 1432 2332 ¹fintialtfs⁵
1449 2206 1651 2330 Au‘fflm

125 2286 917 2421 tiltlitiiid,idtaltliiiimltillitis!
967 2289 1650 2421 iliillnioiifiidallini'iisniifi'i‘i

126 2423 176 2477 nine
191 2424 324 2478 tntarone
342 2430 485 2478 stationem
499 2420 627 2477 babuisse
646 2420 737 2476 decet.
756 2420 786 2475 lu
801 2419 914 2491 epistola
967 2421 1064 2492 bruges
1076 2420 1187 2489 claudit,
1199 2429 1359 2491 separatque
1372 2433 1387 2473 a
1400 2419 1545 2473 vocontiis.

610 2687 841 2799 LIBER
883 2681 1279 2818 QUARTUS.

332 2896 388 2970 sig
405 2896 570 2954 setstott
590 2894 710 2952 tulba.
971 2894 1027 2950 lum
1042 2902 1068 2950 te
1080 2891 1169 2948 lacere
1180 2891 1250 2963 quod
1263 2904 1367 2961 posses,
1382 2897 1429 2946 sed
1444 2898 1471 2945 et
1482 2887 1650 2958 r·ellequodi

970 2984 1084 3052 ideoque
1096 2993 1121 3040 te
1136 2984 1234 3039 bonrum
1250 2997 1303 3037 non
1322 2983 1410 3039 minus
1421 2997 1499 3052 qnam
1513 2982 1630 3046 peritum
1646 2996 1650 3051 Ι

970 3074 1049 3131 tiaril
1059 3073 1167 3129 Etvere
1182 3074 1250 3128 intra
1262 3073 1427 3128 Eusebianos
1448 3073 1516 3128 lares
1532 3073 1626 3128 talium
1645 3081 1650 3127 t

166 3168 248 3229 Soror
261 3166 326 3222 milri
342 3179 402 3236 quae
417 3179 485 3222 uxor
497 3163 564 3219 tibi:
582 3161 644 3217 bine
658 3160 728 3217 irrter
748 3173 798 3216 nos
810 3172 916 3215 summa
970 3164 1031 3219 dam
1045 3173 1152 3220 moneta
1165 3174 1319 3234 susceperat
1328 3164 1539 3233 disciplinarum,
1553 3161 1650 3233 cujasj

130 3272 158 3321 ιι
179 3260 333 3333 principalis
348 3256 529 3324 necessitudo,
549 3265 577 3312 et
600 3269 631 3313 ea
650 3254 757 3325 quidem
776 3254 915 3326 patruelis,
970 3255 1050 3328 pbiea
1061 3255 1157 3312 incude
1170 3255 1316 3312 lormatns:
1331 3270 1403 3310 nnnc
1414 3256 1498 3310 sarias
1510 3254 1590 3309 nobis
1602 3267 1650 3310 ιιι

130 3369 183 3410 ιιιι
204 3363 331 3424 germana
346 3347 510 3418 fraternitas,
526 3361 585 3417 quae
606 3345 765 3417 plerumque
782 3359 812 3399 se
827 3343 919 3414 purius
971 3363 1135 3420 manumque
1156 3349 1284 3413 rationes,
1305 3349 1362 3417 ipso
1374 3349 1453 3404 etiarn
1472 3349 1517 3419 qui
1540 3348 1650 3405 deenen

131 3445 235 3513 lortius,
248 3443 380 3501 meracius
393 3451 475 3498 amat.
487 3439 553 3495 llam
562 3437 719 3494 facultatum
732 3438 803 3495 inter
811 3451 917 3509 germa-
971 3440 1053 3497 bante
1068 3439 1201 3510 pandebas
1215 3458 1221 3494 :
1235 3455 1306 3496 nnnc
1317 3448 1347 3495 nt
1358 3440 1433 3496 l’loto
1445 3438 1594 3510 discipulus
1607 3437 1650 3510 lat

130 3557 179 3598 nos
193 3542 266 3612 prius
281 3540 327 3596 lite
338 3539 435 3610 sopita,
449 3537 504 3608 jam
515 3536 561 3608 qni
577 3544 724 3591 nascuntur
732 3550 767 3592 ιι
782 3533 917 3600 iratribus,
932 3517 955 3581 C
972 3533 1060 3605 potior
1070 3533 1121 3589 sub
1141 3533 1262 3602 Socrate,
1277 3533 1383 3603 siclam
1407 3541 1435 3588 tn
1453 3532 1503 3587 sub
1521 3531 1643 3590 Eusebio

129 3632 196 3688 nibil
210 3632 322 3688 invicem
339 3634 593 3686 controversantur:
607 3635 635 3682 et
657 3625 720 3681 bine
738 3639 811 3696 sape
823 3625 921 3681 caritas
972 3625 1042 3681 inter
1053 3625 1242 3680 Aristotelicas
1256 3625 1405 3695 categorias
1419 3623 1515 3680 artilex
1530 3623 1650 3681 dialectis

130 3724 157 3778 in
171 3720 334 3792 patruelibus
347 3719 444 3790 major,
457 3718 518 3788 qnia
530 3716 635 3773 desistit
650 3717 705 3788 85
718 3714 841 3771 simultas
851 3729 865 3771 a
877 3714 920 3770 di·
971 3719 1105 3786 eissabas‚
1120 3733 1181 3774 curn
1196 3718 1241 3775 ille
1259 3717 1345 3774 adirne
1362 3717 1495 3773 aetatulam
1519 3726 1650 3787 nestram,

130 3812 243 3879 risione,
259 3825 310 3865 nee
321 3818 410 3865 cessat
425 3808 536 3864 oleatus
554 3823 570 3862 a
585 3808 697 3862 semine.
715 3804 856 3863 Secundus
870 3819 920 3861 no·
972 3810 1035 3876 lem,
1051 3819 1183 3878 ιιιιιιιι,
1199 3807 1321 3873 crudam,
1334 3809 1414 3865 modo
1432 3807 1604 3880 castigatoria
1621 3824 1650 3868 ιι

131 3903 173 3958 bis
186 3899 338 3957 anitnorurn
351 3914 435 3956 nexus
446 3895 760 3955 accessitdestndiorutu
774 3895 920 3967 parilitate,
971 3901 1145 3972 decoqueret,
1156 3899 1237 3955 modo
1250 3901 1306 3972 86
1321 3899 1508 3956 mandatorum
1524 3901 1650 3957 salobrita

130 3992 271 4063 quiaidem
284 3991 427 4061 sentimus,
443 3989 594 4060 culpamus,
610 3988 749 4045 laudamus
767 3987 793 4043 in
813 3986 920 4055 litteris,
971 3992 1051 4049 diret.
1073 3992 1107 4047 ιιι
1131 3992 1260 4062 qualium,
1280 3991 1352 4046 Deus
1376 3991 1458 4059 bone,
1482 4007 1619 4066 quamque
1636 4010 1650 4064 p

130 4096 157 4139 et
167 4097 244 4156 seque
259 4081 337 4139 nobis
352 4080 477 4153 qnalibet
490 4079 574 4137 dictio
588 4079 675 4150 placet
689 4077 920 4149 improbaturque.
971 4101 1031 4142 rum
1041 4085 1084 4140 ι...
1098 4100 1158 4156 φη]
1172 4085 1196 4140 si
1217 4084 1276 4154 quis
1289 4084 1444 4154 deportaret
1459 4083 1650 4155 philosophare

129 4177 286 4245 Quaanqnam
302 4173 368 4228 mibi
379 4172 459 4228 trimis
473 4186 571 4241 arrogo
583 4185 671 4226 meum
683 4167 814 4238 judicium
828 4166 921 4223 eoote-
971 4177 1004 4232 ad
1019 4176 1183 4247 paludicolas
1200 4175 1366 4241 sicambros,
1382 4175 1474 4232 autad
1494 4175 1650 4249 Caucasiget

130 4283 193 4324 reus
208 4278 264 4324 tuo.
278 4267 344 4335 Quis
358 4265 430 4321 enim
452 4262 582 4334 jnrennm
602 4261 705 4317 nesciat
719 4259 921 4330 seniorumque,
972 4284 1032 4337 noe,
1048 4268 1139 4324 autad
1154 4268 1321 4340 equimulgas
1343 4256 1471 4336 Gelonos,
1493 4268 1649 4326 boetianum

130 4369 157 4415 Ιθ
176 4359 242 4415 nillil
264 4359 421 4429 magistrum
435 4352 518 4411 fuisse
532 4353 681 4425 propritim,
698 4350 923 4408 cumiltlerrllllll'
972 4376 1084 4432 rumque,
1099 4361 1237 4417 nationum
1257 4361 1338 4416 corda
1359 4375 1468 4427 cornea,
1490 4361 1620 4432 fibraeque
1642 4377 1650 4432 Ι

130 4450 232 4506 babere
257 4449 444 4508 communem!
463 4456 491 4505 et
510 4448 534 4504 si
558 4446 624 4519 quid
648 4446 772 4502 heroicus
796 4445 920 4515 arduum,
973 4452 1068 4521 procul
1082 4451 1164 4508 dnbio
1177 4451 1364 4508 emollirentur
1382 4450 1636 4523 egelidarenturque

130 4545 249 4599 eorniens
263 4543 393 4614 lepidum,
406 4543 506 4616 lyricus
517 4539 724 4604 cantinelosum,
734 4548 824 4595 orator
835 4548 923 4593 matu·
973 4543 1078 4598 illorum
1093 4540 1221 4599 ferociam
1234 4541 1462 4613 stoliditatemque
1477 4557 1537 4613 qnae
1551 4543 1650 4601 secund

131 4649 203 4702 rum,
224 4633 368 4690 historiens
387 4650 491 4702 serum,
516 4633 641 4690 satiricus
661 4632 814 4703 figuratum,
834 4644 923 4701 gram·
974 4634 1032 4690 inas
1050 4635 1156 4705 ineptit,
1173 4634 1312 4703 brutescit,
1335 4633 1501 4698 accenditur,
1523 4633 1650 4692 riderean

131 4727 246 4782 malicus
269 4726 402 4796 regulare,
432 4727 602 4798 panegyrista
625 4723 778 4796 plausibile,
801 4723 922 4793 sophista
974 4733 1165 4791 temneremns,
1178 4726 1441 4795 pertimesceremus.
1456 4725 1538 4797 lgltur
1547 4727 1611 4797 quia
1625 4742 1650 4783 ut

131 4817 241 4884 serium,
263 4815 460 4887 epigrammista
482 4816 621 4883 lascivum,
641 4824 836 4873 commentator
854 4815 922 4871 luci·
974 4818 1072 4887 finitas,
1089 4820 1125 4874 ita
1145 4818 1233 4875 studia
1249 4819 1408 4888 iunxerunt,
1424 4834 1531 4890 precor,
1542 4834 1650 4892 quoquo

131 4908 206 4976 dnm,
217 4907 426 4980 jurisconsultus
437 4908 591 4976 obscurum,
605 4909 776 4966 multilariatn
790 4908 919 4967 eortdide·
932 4896 958 4957 Ῑ)
970 4912 1093 4969 amicitiae
1104 4911 1163 4982 jnra
1184 4912 1342 4967 inconeussa
1357 4902 1516 4966 eusmdias:
1531 4910 1650 4983 longnmr

131 5010 208 5066 runt,
222 5000 248 5055 id
270 5008 297 5055 te
315 5000 484 5055 omnilariam
508 4998 630 5071 singulis,
651 5001 701 5056 nisi
722 5000 765 5056 eui
784 4998 921 5071 ingenium
971 5015 1000 5063 et
1013 5006 1036 5061 si
1049 5003 1113 5060 sede
1128 5002 1264 5066 absumus,
1279 5001 1399 5059 adsimus
1416 4999 1513 5058 affeetu
1534 5000 1633 5072 :eujus

132 5090 237 5162 sibique
249 5090 308 5159 quis
318 5088 402 5146 deluit
426 5090 666 5148 tradidissellicns
680 5092 766 5149 bonel
780 5089 931 5164 quamsibi'
971 5107 1037 5154 ratas
1053 5107 1153 5166 partes,
1180 5103 1309 5166 quantum
1330 5092 1365 5148 ad
1389 5106 1440 5148 nos
1462 5100 1578 5162 spectat,
1602 5107 1650 5151 au

132 5182 195 5239 bine
210 5190 300 5253 patres
321 5183 405 5240 nostrl
425 5184 619 5252 gloriabantur,
634 5200 695 5240 cum
718 5184 850 5252 viderent,
873 5180 924 5242 ιιι
974 5204 1072 5256 casnm,
1095 5189 1118 5245 si
1141 5188 1204 5259 quid
1226 5195 1269 5244 est
1289 5187 1350 5243 sita
1370 5185 1513 5258 reliquunt,
1537 5198 1650 5257 perabat

133 5291 183 5347 ope
196 5274 306 5342 Clrristi,
322 5283 348 5332 te
357 5274 458 5332 docere
467 5290 556 5345 posse,
570 5291 614 5333 me
625 5276 747 5335 discere:
761 5286 790 5335 et
809 5292 863 5334 non
877 5293 924 5334 so·
974 5280 1048 5337 vale.

307 3034 429 3092 Sidorrins
438 3041 452 3070 ¹
466 3032 553 3087 Probo
566 3047 614 3088 sao
628 3028 744 3086 salutent.

169 5471 283 5543 ·ttagnt
302 5471 399 5529 Felicis
414 5468 502 5537 lratrl,
520 5471 673 5543 prestantis
685 5469 815 5530 doetrinae
829 5488 861 5532 ae
877 5475 922 5545 jn·
977 5475 1056 5531 Probi
1082 5490 1146 5531 sero
1173 5490 1240 5530 uror
1261 5471 1375 5541 Eulalia,
1392 5473 1513 5529 carmine
1534 5472 1582 5542 li,
1602 5472 1650 5529 sab

135 5537 197 5597 dieii
209 5559 277 5599 ruo.
293 5543 337 5600 Sic
346 5543 417 5600 enim
434 5540 551 5598 Felicem
565 5542 710 5612 alloquitur
721 5545 747 5600 in
757 5545 923 5604 earudne9:
976 5546 1068 5614 Quare
1082 5545 1184 5601 Eulalia
1200 5546 1255 5603 sid·
1266 5546 1303 5600 nii
1316 5559 1395 5600 soror
1410 5543 1461 5599 boe
1480 5543 1551 5609 loco,
1569 5543 1650 5601 aeds

977 5617 1082 5672 truelis.
1102 5617 1167 5672 Nam
1184 5626 1214 5671 ιι
1235 5615 1319 5672 irater
1341 5613 1475 5670 interdum
1497 5614 1650 5671 dieiturutn

197 5700 344 5753 Gannascum
357 5710 438 5753 tamen
453 5709 510 5753 ante
520 5702 563 5755 sed
575 5709 700 5755 memento
976 5702 1130 5757 germanus,
1141 5702 1234 5743 ierunt
1248 5687 1329 5743 eliam
1340 5685 1484 5755 ριῑιιιθΙίις
1497 5686 1538 5740 lie
1548 5698 1630 5741 ⁸0¹⁰?
1642 5694 1650 5743 i

197 5762 320 5815 ὓιιιιιιιι
329 5763 442 5818 eolnmcu
453 5765 559 5818 Pmbnua
567 5764 697 5817 aurosne.
978 5772 1067 5828 mana,
1081 5764 1137 5816 tum
1149 5757 1285 5830 patruelis.
1301 5764 1348 5815 aut
1357 5755 1438 5815 etiaut
1450 5752 1626 5815 cannuba.
