3788 6120
79 339 150 396 {illd

347 454 461 512 curbi
481 454 609 517 uixit.

116 556 130 584 ⁸
146 546 271 612 Faustus,
286 561 320 602 ex
333 546 429 603 abbate
439 547 594 602 Lerincnsis
608 543 787 601 monasteriib
802 544 872 611 apud

81 637 192 706 Reginus
218 634 310 691 Gallias
332 638 473 707 episcopus
495 637 597 699 iaetus,
622 637 664 691 tir
687 646 698 674 i
726 636 752 691 in
774 635 872 689 divinis

80 726 228 797 Scripturis
247 727 313 781 satis
328 728 462 793 intentus,
483 743 516 781 ct
533 726 676 781 traditione
691 725 804 798 symboli
825 739 873 779 oc·

80 817 190 872 cesione
200 825 320 886 accepta,
332 819 482 886 composuit
493 819 505 855 ¹¹
518 817 616 871 librum
626 817 660 871 de
672 815 771 884 Spiritu
781 824 873 870 saneto

81 909 106 962 in
121 922 175 977 uuo
189 907 307 961 ostendit
321 923 382 962 enm
401 908 478 976 juxta
494 906 573 962 bdcm
585 905 693 961 Patrum
709 915 736 962 et
755 907 872 961 consub-

81 998 232 1054 stantialem
254 1006 282 1053 et
304 999 495 1054 coaeternalem
517 1013 576 1053 esse
591 997 663 1053 Patri
679 1007 706 1052 et
730 996 815 1056 Filio,
841 1010 873 1052 ac

77 1089 274 1161 plenitudinem
287 1100 299 1128 ⁶
313 1089 452 1144 Trinitatis
465 1090 641 1144 obtinentem.
668 1088 755 1143 Edidit
768 1102 873 1159 utroque

80 1198 148 1252 opus
169 1184 306 1251 egregium
327 1181 363 1236 de
384 1182 475 1236 Gratia
501 1178 565 1247 bei,
580 1195 630 1249 pua
647 1179 798 1245 satiamur,
817 1177 826 1216 ¹
847 1188 874 1233 et

80 1275 165 1329 libero
181 1274 305 1329 irumanae
323 1275 424 1328 mentis
439 1273 561 1328 arbitrio.
583 1270 610 1327 ln
627 1287 679 1340 ono
694 1286 775 1340 opere
796 1270 874 1325 docet

78 1366 190 1435 gratiam
207 1365 253 1420 ilci
266 1379 384 1439 semper
408 1375 435 1420 et
450 1363 582 1428 inritare,
604 1372 631 1418 et
648 1363 817 1432 praecedere,
846 1367 874 1416 et

79 1456 207 1525 adjurare
226 1455 391 1510 voluntatem
414 1466 548 1521 nostram,
565 1465 592 1509 et
614 1453 742 1526 quidquid
768 1454 823 1524 ipsa
839 1453 871 1507 li·

80 1548 169 1602 bertas
181 1548 284 1602 arbitrii
300 1556 313 1595 ι
329 1547 420 1604 iubore
435 1549 485 1617 pias
500 1548 633 1603 mercedis
647 1545 804 1617 acquisierit
819 1561 872 1600 nrm

78 1653 141 1693 esse
168 1637 305 1708 proprium
330 1640 475 1706 meritum,
499 1639 545 1693 scd
571 1638 788 1707 gratiredunttm.
808 1637 873 1709 Legi

79 1728 137 1797 eins
159 1741 183 1781 et
204 1726 332 1783 adversus
349 1730 462 1784 Arianos
482 1739 509 1782 et
529 1728 735 1784 liacedonianos
758 1744 869 1796 parumn

81 1819 201 1872 lbelum
218 1813 269 1872 ¹*iu
285 1833 337 1884 uuo
356 1817 362 1854 ¹
380 1818 583 1873 coessentialem
608 1819 735 1888 predicat
756 1819 777 1873 T
781 1817 871 1872 rinita·
887 1829 910 1888 Β

81 1921 151 1973 tetur
164 1920 190 1964 et
205 1911 286 1963 alium
301 1910 307 1960 i
327 1910 456 1966 adsersus
469 1926 516 1967 cos
531 1913 575 1976 nui
587 1911 677 1965 dieunt
690 1927 751 1966 csse
763 1913 788 1963 in
798 1925 873 1964 enra-

80 2002 145 2055 ituis
157 2002 257 2071 aiitprid
273 2003 471 2070 ittcorporrum,
489 2004 514 2055 io
526 2019 578 2071 tpuo
594 2012 621 2058 el
636 2001 733 2056 uicinis
749 2004 870 2056 lestittto·

115 2139 256 2194 ¹Gaostus
271 2143 379 2193 natione
398 2137 637 2192 Gallo-liritarmns
652 2138 716 2205 (boc
734 2149 775 2191 est
789 2153 819 2190 cs
836 2138 868 2191 iis

79 2208 366 2277 britannis-Gemens
386 2224 464 2272 supra
482 2207 594 2276 Ligerim
611 2208 707 2261 liurnen
722 2207 866 2278 imbirem),

79 2282 192 2349 primum
201 2280 347 2334 Lirinensis
355 2278 448 2343 abbas,
460 2289 551 2345 postea
565 2278 703 2347 Regiensis
714 2292 760 2332 scu
773 2277 870 2333 lieron-

79 2351 116 2406 sis
131 2351 157 2405 in
172 2351 256 2406 Gallia
278 2352 428 2419 episcopos,
445 2348 552 2415 scripsit
566 2349 600 2402 de
614 2348 714 2416 Spiritu
737 2357 829 2402 sancto
841 2359 869 2403 et

79 2430 172 2477 contra
190 2422 302 2476 Arianos
315 2436 346 2474 ac
365 2419 589 2481 sturmariorum
615 2420 660 2486 uui
675 2418 735 2471 iibri
751 2434 802 2472 nrm
822 2433 868 2471 es-

78 2501 159 2546 stant.
175 2491 287 2560 Scripsit
303 2497 432 2559 praterea
445 2489 528 2543 libros
543 2488 611 2542 dttus
626 2488 660 2542 de
675 2487 766 2542 Gratia
782 2489 828 2542 bei
841 2499 869 2542 et

80 2562 201 2617 irunrant·
218 2563 314 2617 mentis
326 2561 421 2614 Libero
434 2560 567 2617 Arborio:
580 2559 624 2628 tpri
640 2567 745 2612 esstnnt
761 2558 867 2623 quidem

79 2645 104 2686 ct
120 2651 133 2685 a
150 2631 289 2687 Genrradio
309 2634 359 2685 boc
383 2634 470 2698 rapite
492 2629 648 2691 iaudarrtur,
665 2629 712 2681 scd
727 2642 741 2680 a
761 2626 868 2682 Gelasio

79 2717 144 2769 papa
157 2703 182 2756 in
193 2704 301 2756 decreto
312 2704 346 2757 dc
359 2702 432 2754 libris
444 2701 602 2769 apoerrpiris
613 2700 779 2766 rejiciuntur,
792 2700 868 2752 item·

78 2790 130 2838 ipsc
145 2789 158 2825 a
174 2774 202 2828 S.
216 2773 367 2842 Fulgentius,
383 2772 460 2824 Petro
478 2771 602 2834 discursu,
619 2769 723 2823 bienno
740 2772 818 2823 avito
842 2783 869 2823 et

79 2844 137 2899 alis
153 2843 321 2899 refelluntur.
337 2842 447 2896 Constat
464 2852 551 2895 utitem
577 2841 702 2894 Faustum
725 2839 806 2892 iuissc
821 2839 869 2893 Se·

79 2913 303 2982 rnipelagianum;
320 2913 367 2967 sed
379 2912 445 2965 risit
463 2925 495 2964 ac
516 2910 579 2965 obiit
594 2923 656 2964 ante
669 2910 810 2963 concilium
826 2925 869 2962 sr-

80 2986 194 3038 cundum
212 2986 415 3044 oreimis-anum,
440 2995 512 3035 antro
534 2981 585 3036 529
610 2982 741 3045 babitum,
766 2980 792 3034 in
815 2995 868 3046 utro

522 336 569 392 DE
588 332 836 412 summissione
851 331 1130 390 'ecetesiasmcts
1150 330 1262 388 bibon.

1649 337 1719 394 titii

884 453 975 516 Atriis
991 463 1018 508 et
1037 453 1144 506 Patruus
1157 453 1460 522 contirmatsententiis,
1475 451 1540 508 nibil
1550 449 1713 507 credendum

923 543 1110 612 incorporeum
1136 528 1234 612 p⁶reeter
1248 542 1342 597 ticum.
1366 544 1413 599 ou
1433 542 1536 613 eteius
1560 543 1715 612 epistotam

923 635 1031 690 snodum
1046 635 1140 700 libelli,
1156 635 1189 690 ad
1203 634 1344 690 diaconum
1359 635 1502 706 quemdam
1518 635 1530 672 Β
1544 633 1654 690 Gratum
1666 648 1712 690 no·

924 728 996 782 mine
1008 726 1089 794 edita,
1102 727 1146 799 qrri
1158 741 1172 780 a
1188 728 1240 782 iirie
1253 725 1386 782 catholiea
1397 729 1549 792 discedens,
1566 727 1599 782 ad
1618 728 1714 784 Nesto·

924 819 1025 873 rianartt
1054 819 1119 874 abiit
1145 819 1323 888 impietatem.
1345 820 1373 874 Ιιι
1395 836 1445 890 tpra
1461 821 1573 888 epistola
1588 820 1715 874 admonet

923 927 984 968 enm
1009 910 1145 967 erederel
1167 925 1286 968 sanctam
1310 914 1419 968 liariarn
1438 915 1571 982 l'irgincur
1591 930 1643 969 non
1664 914 1719 969 tm··

924 1004 1023 1059 nrinetn
1035 1019 1128 1074 purum
1140 1003 1276 1074 genuisse,
1286 1006 1329 1075 qui
1343 1015 1433 1073 postea
1444 1006 1610 1060 drinitatrm
1622 1022 1714 1060 snsce-

925 1095 1006 1166 perit‚
1030 1096 1077 1150 sed
1094 1095 1177 1150 Deum
1201 1111 1292 1149 rerum
1309 1096 1335 1149 iu
1350 1095 1457 1151 bortrinc
1478 1113 1550 1150 vcro.
1572 1097 1639 1152 Sum
1652 1113 1715 1151 rero

924 1195 950 1240 ct
965 1185 1015 1239 alia
1028 1189 1087 1253 ejus
1099 1187 1208 1254 scripta,
1221 1201 1290 1255 prta,
1303 1186 1364 1255 ostia
1377 1187 1489 1242 necdum
1505 1188 1566 1258 tegi,
1577 1188 1716 1242 nominare

925 1275 1008 1331 uoluti.
1025 1274 1088 1330 Vina
1107 1284 1195 1331 tamen
1212 1290 1278 1330 vrrce
1296 1278 1419 1346 egregius
1433 1277 1527 1332 doctor
1549 1286 1577 1331 et
1598 1276 1716 1332 c'rcriitur'

925 1377 953 1421 ot
964 1367 1100 1435 probatur.
1116 1376 1136 1404 ¹²¹
1151 1366 1264 1434 Scripsit
1279 1376 1370 1435 postea
1384 1365 1417 1422 ad
1431 1367 1546 1423 Felicem
1560 1368 1714 1438 prauicctntn

925 1454 1058 1525 praetorii,
1084 1465 1111 1511 et
1124 1456 1245 1526 patriciae
1260 1455 1398 1527 dignitatis
1409 1458 1505 1522 virum,
1522 1458 1605 1512 iliirtn
1628 1459 1713 1527 lingui

923 1546 1056 1614 consults,
1074 1555 1088 1582 ¹¹
1110 1547 1164 1617 jam
1190 1546 1355 1616 reiigiosurn,
1373 1548 1513 1618 epistolam
1532 1549 1564 1604 ad
1591 1549 1714 1604 timorem

925 1637 1029 1691 bomini
1055 1638 1247 1705 hortatoriam,
1268 1640 1473 1694 eorrreuientem
1494 1644 1617 1708 personis
1637 1642 1715 1711 pleno

925 1729 1015 1783 animo
1031 1729 1216 1798 poettitcntiam
1230 1742 1309 1799 agere
1327 1729 1540 1803 disponentibus.

1184 1886 1296 1942 CAPUT
1316 1885 1459 1943 dxxxii.

961 1999 1132 2064 occeanum,
1148 2000 1314 2056 Arelatensis
1331 2003 1406 2055 urbis
1428 2004 1578 2074 episcopos,
1595 2007 1636 2059 rir
1651 2023 1713 2059 san·

924 2138 1062 2206 bergensis
1074 2138 1171 2192 babet:
1189 2136 1318 2204 Cressam,
1336 2139 1411 2207 enjns
1427 2139 1547 2193 iectionis
1564 2152 1588 2195 ct
1605 2144 1715 2200 Vossius

922 2208 1115 2263 rttertrioit.dlii
1131 2207 1281 2274 Greporinm
1298 2209 1405 2263 babent.
1419 2209 1484 2263 Eun.
1502 2211 1659 2268 Cinnamus.

960 2279 968 2318 ¹
983 2279 1033 2343 ld.,
1047 2288 1162 2333 muciam
1177 2277 1301 2332 Mariam.

955 2359 976 2387 ¹¹¹
990 2348 1109 2415 Corbei,
1126 2350 1236 2413 Scripsit
1246 2358 1271 2403 et
1284 2349 1319 2401 od
1333 2347 1355 2400 F
1356 2349 1439 2402 ilicem
1448 2351 1616 2420 proiecturis
1633 2365 1656 2408 et
1669 2373 1713 2424 po·

921 2420 1003 2473 tritr'oe
1016 2419 1160 2482 ditrttifalt's.
1174 2418 1235 2472 11.Ὄο
1247 2418 1279 2470 aii
1293 2418 1408 2473 Felicem
1420 2421 1531 2487 epistota
1549 2435 1635 2476 eistat
1649 2440 1711 2478 ortt.

922 2488 976 2543 liiii
994 2489 1062 2544 bibi.
1080 2489 1187 2542 Petrum
1208 2488 1291 2554 Ltrgd.
1305 2504 1332 2557 p.
1344 2489 1407 2543 552.
1422 2489 1629 2547 Caeteruuniuus
1645 2494 1713 2547 Farr-

920 2571 978 2613 stos
991 2560 1129 2627 distinguit
1147 2558 1236 2625 Lupus
1258 2558 1438 2613 Ferrariensis
1455 2562 1534 2626 epist.
1554 2563 1622 2615 its:
1641 2562 1713 2618 Fon-

919 2639 985 2683 stum
996 2631 1073 2700 diripi
1085 2628 1197 2696 postitio,
1207 2645 1258 2682 troo
1270 2642 1344 2695 prem
1355 2629 1449 2699 refellit
1460 2632 1617 2698 Artpostr'nns
1630 2635 1712 2704 (Farr-

919 2711 989 2753 srutu
1000 2699 1198 2767 biarrirlracrrm),
1208 2700 1253 2753 sed
1260 2715 1334 2763 onem
1345 2709 1415 2754 notat
1429 2701 1453 2755 in
1464 2699 1572 2756 decretis
1583 2702 1711 2760 Gelosinn

919 2770 1018 2825 Conier
1028 2771 1108 2837 epist.
1127 2769 1185 2822 tet.
1260 2803 1262 2809 ·
1614 2808 1616 2812 ·

955 2850 968 2876 ¹¹
982 2841 1105 2907 corben,
1111 2841 1167 2910 jam
1176 2838 1298 2911 reiipr’on',
1313 2841 1447 2910 epistolem
1459 2843 1644 2898 conrenientem
1657 2863 1712 2913 per·

918 2926 988 2966 sonte
1001 2912 1076 2982 pleno
1090 2912 1176 2964 animo
1192 2911 1363 2978 penitentium
1375 2928 1451 2978 erpere
1463 2910 1626 2980 disponente.

956 2991 969 3018 ⁰
984 2982 1039 3035 iiuc
1064 2990 1143 3051 caput
1165 2981 1191 3034 in
1211 2979 1345 3051 plerisque
1367 2980 1497 3036 oenoe-or
1522 2983 1659 3040 codiciims
1680 2999 1709 3043 ct

79 3056 194 3122 priorum
220 3052 350 3109 sententia
366 3052 642 3120 Semipeiagianorum
668 3050 715 3104 init
732 3049 867 3103 damnato.
919 3052 995 3107 etiitt.
1010 3053 1187 3111 desideratur,
1204 3060 1231 3104 et
1247 3048 1516 3109 Gennadio.additunr
1530 3052 1563 3106 nb
1577 3055 1628 3108 aiio
1649 3056 1710 3112 ierit.

79 3125 183 3178 iitriirtrr
203 3140 283 3190 porro
294 3133 322 3177 ut
346 3132 464 3186 sanetus,
486 3123 512 3175 in
533 3136 579 3177 sua
601 3121 709 3175 liciensi
737 3120 880 3174 Ecclesia·
921 3121 994 3176 Licet
1009 3126 1035 3176 in
1049 3121 1179 3176 Gerrnatiii
1193 3120 1287 3176 codice
1303 3122 1366 3176 iiiuti
1385 3121 1449 3192 legit
1468 3125 1550 3178 etiarn
1566 3125 1711 3183 litnrorirrs.

82 3195 147 3250 l'itie
160 3209 219 3264 ottae
240 3209 320 3264 supra
336 3195 361 3247 in
384 3193 581 3260 prolegomenis
600 3203 627 3246 et
650 3191 677 3245 in
702 3190 812 3246 sentitiis
835 3192 867 3244 ad
920 3191 972 3245 Sed
987 3202 1015 3246 ιιι
1033 3202 1105 3247 reete
1120 3200 1196 3246 notat
1214 3190 1347 3247 Sostratus
1362 3192 1444 3255 Petri,
1460 3204 1487 3248 et
1503 3195 1613 3250 iiotrorii
1633 3208 1712 3253 etate
1811 3189 1815 3196 ’

80 3264 208 3320 Grrrrradii
222 3277 280 3333 cop.
296 3265 327 3318 ot
339 3264 465 3317 dmiutus.
483 3263 604 3317 bisaeus.
919 3262 1028 3317 codices
1051 3264 1084 3316 tie
1105 3263 1189 3316 rarati
1212 3272 1299 3315 erunt.
1321 3263 1401 3318 Gerte
1414 3263 1548 3319 Caesarius
1566 3271 1598 3320 ri.
1613 3268 1644 3321 tt.
1659 3269 1712 3324 teti

115 3336 231 3400 “Gorb„
249 3338 345 3404 liegios
357 3332 501 3388 Galliarum
516 3336 619 3401 urbem.
635 3362 670 3372 -
687 3331 760 3386 itanc
772 3329 867 3385 lectio·
920 3333 1039 3385 nondum
1057 3332 1106 3386 lint
1119 3333 1272 3401 episeopus,
1283 3347 1343 3387 euro
1355 3334 1504 3400 tataiogutn
1522 3335 1592 3389 bunc
1605 3335 1710 3392 Gertno.

81 3421 141 3461 nem
161 3405 326 3460 retinendam
343 3417 412 3467 csse,
428 3404 529 3456 nulium
544 3412 585 3455 est
599 3402 721 3456 rittblum.
741 3401 867 3454 Erasinus
919 3402 978 3455 dius
988 3403 1168 3456 concinnavit.
1180 3405 1215 3442 2-
1229 3400 1258 3457 S.
1270 3402 1412 3466 causarios,
1428 3417 1461 3458 es
1472 3406 1568 3459 abbate
1579 3406 1710 3463 lirinensi

81 3488 107 3531 et
119 3477 162 3531 alii
177 3490 193 3529 a
207 3477 300 3530 liossio
313 3476 357 3528 lib.
375 3491 392 3539 r,
406 3489 465 3542 cap.
479 3472 505 3537 8,
518 3471 642 3526 ttistortc
657 3471 807 3539 Pelagianos
820 3470 868 3523 ad·
922 3474 1066 3539 episcopus
1076 3472 1245 3527 'Arelatensis
1255 3472 1362 3539 scripsit
1376 3474 1493 3541 reguiam
1506 3477 1537 3528 ati
1553 3482 1708 3542 rnormeims,

82 3543 155 3602 docti
171 3558 310 3614 perperam
331 3545 444 3599 babent:
458 3543 526 3613 opud
549 3558 654 3613 reponat
675 3541 779 3596 Gallie.
802 3541 868 3594 Ertn.
922 3550 949 3596 ct
961 3544 1071 3596 alteram
1083 3544 1116 3595 ad
1130 3541 1345 3596 sanctimoniales
1355 3558 1361 3594 ι
1373 3557 1434 3611 oute
1446 3544 1471 3597 iu
1485 3544 1646 3600 Bibliotheca
1662 3549 1710 3602 Pa·

81 3621 245 3675 iteremus.
923 3622 1004 3678 trum,
1015 3622 1071 3666 eta
1093 3612 1128 3666 nd
1141 3613 1305 3668 Stellartinur
1330 3619 1446 3666 exstant.
1462 3612 1570 3669 Gresarii
1592 3619 1709 3685 regulae

117 3708 127 3730 ι’
140 3690 235 3749 Gumis„
251 3685 400 3738 Divinarum
415 3683 606 3748 Seriptrtrnrttm
621 3683 712 3737 stadio.
923 3681 1053 3754 Gregorio
1068 3686 1073 3702 '
1092 3685 1216 3737 tironensi
1229 3683 1274 3737 bb.
1290 3695 1327 3746 tx,
1343 3696 1403 3752 cap.
1421 3684 1466 3751 59,
1483 3684 1518 3740 itt
1531 3696 1556 3740 ei
1571 3687 1615 3750 di,
1632 3687 1709 3742 ilenr-

116 3756 129 3794 ἀ
147 3753 195 3810 ilie
205 3756 271 3810 iiber
287 3757 376 3809 i'attsri
391 3756 532 3809 intercidit.
922 3769 975 3819 utre
989 3769 1004 3806 a
1017 3753 1147 3808 venantio
1158 3753 1304 3807 Fortunato
1318 3752 1364 3807 lib.
1377 3770 1402 3813 tr,
1418 3768 1478 3821 cap.
1490 3755 1518 3819 2,
1529 3767 1709 3813 nretnoratnr:

119 3836 131 3863 ·
147 3828 194 3880 liis.
211 3824 414 3895 Guetptrerbpt,
433 3825 589 3879 divinitatis.
923 3824 1004 3890 Alone
1016 3825 1095 3877 oscito
1107 3825 1274 3878 sibiseraetrn
1288 3824 1320 3877 ab
1331 3823 1393 3878 urie
1401 3822 1494 3878 Genesi
1504 3826 1593 3897 reptile
1604 3826 1710 3883 Censorii

120 3895 130 3935 ί
148 3897 230 3952 Verba
246 3907 268 3950 ct
279 3896 359 3950 iiiero
377 3897 495 3948 irrrnonre
505 3897 595 3949 mentis
610 3893 720 3948 arbitrio
732 3893 831 3949 desunt
846 3894 871 3947 in
923 3895 1123 3959 pressissime
1137 3895 1184 3964 pii.
1198 3896 1276 3948 buno
1292 3894 1345 3950 506
1359 3895 1490 3951 cessares
1503 3897 1617 3952 concilio
1638 3899 1708 3969 Aga·

82 3968 163 4023 ratiis
173 3968 249 4021 editt.
265 3977 292 4022 ct
307 3968 332 4019 in
348 3980 399 4019 ms.
414 3966 522 4020 Gorbci.
924 3964 1023 4027 rimosi,
1038 3974 1065 4018 et
1082 3981 1153 4018 anno
1172 3963 1224 4017 obi
1239 3964 1389 4020 Arelatensi
1403 3982 1428 4020 rr
1444 3967 1575 4033 interluit,
1587 3981 1614 4022 rt
1628 3984 1709 4024 sernas

118 4038 262 4100 seor-brt..
277 4053 325 4108 pro
339 4035 425 4089 iniere
439 4037 482 4103 pio
498 4035 620 4090 mercedis
634 4035 806 4107 odpnoesierit.
823 4037 867 4093 Li·
923 4034 1067 4089 adeundum
1082 4049 1097 4089 e
1111 4035 1179 4090 viris
1192 4034 1325 4089 discessit.
1342 4035 1420 4090 Anno
1442 4036 1493 4091 567
1516 4039 1549 4092 ad
1569 4055 1584 4091 e
1605 4040 1710 4107 iscopos

83 4110 124 4165 bri
137 4109 190 4163 duo
203 4107 293 4162 Fansi
304 4109 337 4161 de
349 4106 438 4160 Gratia
453 4114 480 4160 et
494 4106 589 4160 Libero
600 4106 712 4160 arbirio
722 4110 753 4160 Α.
769 4105 799 4161 G.
815 4107 866 4164 its
924 4104 950 4158 in
965 4105 1115 4159 'turonensi
1136 4120 1153 4159 n
1175 4105 1289 4159 cirneiiiu
1305 4115 1482 4176 congregatos
1498 4109 1527 4162 S.
1541 4054 1710 4179 ardgarius

82 4181 184 4247 scripti,
200 4180 264 4233 editi
288 4178 322 4232 ab
335 4177 365 4230 ii.
380 4175 487 4231 canisio
503 4178 627 4244 primum,
642 4177 738 4231 deinde
757 4179 868 4244 saepius.
924 4176 1056 4229 abbatissa
1071 4175 1244 4230 Pictariensis
1258 4175 1365 4242 scripsit
1386 4176 1537 4246 epistotam,
1563 4194 1612 4245 pro
1626 4181 1709 4234 turcia

83 4251 150 4305 l'idc
165 4250 232 4303 ltibi.
248 4249 355 4303 Parrum
369 4256 433 4303 mro.
450 4245 521 4310 itit,
533 4247 599 4301 edit.
616 4247 696 4306 lund.
711 4262 737 4316 p.
753 4247 815 4302 525.
923 4254 951 4298 et
964 4245 1108 4300 stabilitate
1122 4246 1336 4316 congregationis
1358 4260 1414 4301 suae
1429 4263 1513 4312 nuper
1528 4247 1664 4304 institutae.
1683 4251 1709 4304 in

118 4321 131 4358 '¹
148 4319 168 4374 F
169 4321 285 4373 aiiuotur
299 4319 346 4371 riri
358 4314 429 4371 d'oeti
445 4316 559 4380 biiraeits,
574 4316 695 4381 Guneus,
712 4318 810 4386 aliique
824 4319 871 4389 qui
922 4323 974 4386 qna
989 4318 1059 4370 inter
1071 4317 1121 4370 alia
1144 4318 1202 4384 bno
1217 4316 1299 4371 dieii:
1316 4315 1502 4372 Remunerrtote
1513 4334 1571 4390 repe
1585 4316 1708 4382 Clotart'o,

83 4391 153 4446 lrurrc
166 4390 284 4445 titreiiutn
296 4389 425 4441 adversus
438 4389 552 4441 Arianos
569 4400 595 4441 et
607 4388 809 4441 iiacctlonianos
823 4406 869 4454 pu·
922 4387 1103 4441 monasterinm
1112 4389 1254 4457 pueiiorun
1264 4385 1371 4440 Pirtouo
1384 4390 1445 4440 ttrite
1456 4390 1576 4442 constitui
1587 4404 1596 4442 .·
1607 4389 1710 4461 insuper

82 4470 139 4517 tant
153 4461 280 4530 periisse;
291 4467 448 4513 namexstat
457 4468 523 4513 toni.
541 4458 594 4512 iti.
606 4458 672 4510 liibl.
686 4457 792 4511 Petrum
804 4460 869 4515 cdii.
922 4459 1111 4527 conrprepntr'oni
1124 4474 1170 4527 per
1182 4473 1222 4510 nte
1233 4457 1345 4510 collecte
1359 4460 1473 4528 repniont
1488 4459 1533 4511 snit
1547 4475 1598 4530 pso
1610 4461 1640 4513 δ’.
1653 4461 1707 4514 Gra·

82 4532 168 4602 iurgii.
184 4547 210 4601 p.
223 4529 285 4585 sis.
298 4529 385 4584 Trtuio
398 4528 528 4596 epistota,
541 4531 617 4595 errius
629 4528 775 4596 posteriore
796 4541 871 4596 parte
922 4529 1097 4596 turicremis,
1113 4542 1187 4594 qrrom
1203 4526 1347 4580 sollicitudo
1356 4525 1388 4580 B.
1400 4525 1505 4581 Cosani
1515 4530 1637 4584 antistitis
1648 4531 1709 4585 rire-

82 4603 148 4657 nibil
161 4616 222 4656 esse
233 4601 259 4655 in
275 4601 354 4655 rebtrs
368 4600 465 4652 cretatis
477 4610 637 4666 corporeum
651 4598 777 4664 disputat.
797 4599 871 4655 iisne
922 4594 1026 4651 iotcnsir
1049 4612 1080 4650 ea
1099 4598 1260 4650 institutione
1277 4596 1330 4652 SS.
1352 4594 1460 4652 Patroni
1483 4600 1606 4672 eoiicpit‚
1623 4603 1709 4656 oscim.

80 4681 185 4744 partem
194 4672 300 4742 proaliu
310 4671 399 4724 libello
410 4667 629 4723 Gennadiusmox
640 4672 871 4740 cotttmemorarit.
924 4667 1002 4721 lictu
1014 4678 1100 4722 nartem
1114 4667 1283 4731 Sirmondrts,
1296 4667 1416 4735 eiusdem
1428 4667 1580 4725 rronriniset
1591 4672 1711 4727 muneris

120 4742 129 4781 ί
144 4743 194 4808 lai,
210 4742 378 4806 essentialem,
395 4741 498 4794 vitiose.
923 4737 989 4792 duras
1003 4739 1084 4793 luisse
1095 4738 1234 4791 Caesaries.
1251 4738 1305 4793 Una
1316 4738 1344 4792 S·
1356 4736 1465 4794 Caesarii
1477 4740 1642 4799 arelatensis
1652 4746 1710 4812 epi·

118 4814 126 4864 i
146 4813 260 4867 i'austus
271 4813 388 4866 libellum
402 4812 547 4879 scripserat
570 4810 697 4864 adversus
710 4811 815 4881 eosqui
830 4810 870 4865 di·
886 4804 912 4862 D
924 4811 996 4874 sropi
1013 4823 1091 4862 soror
1102 4823 1228 4877 germana
1244 4808 1302 4871 init,
1316 4823 1395 4877 qnam
1408 4810 1542 4865 Caesarius
1552 4810 1634 4865 irater
1646 4828 1708 4868 con-

80 4894 146 4939 eunt
166 4898 226 4938 esse
239 4884 265 4937 in
281 4881 412 4936 creatoris
431 4882 529 4949 aliquid
554 4881 752 4948 incorporeum,
770 4882 870 4935 conir-

925 4879 980 4933 dito
995 4895 1009 4932 a
1025 4895 1054 4933 se
1070 4879 1231 4932 rrtonasterio
1250 4878 1412 4933 abbatissam
1427 4879 1555 4948 proiecit,
1570 4883 1711 4952 eitternuoe

81 4970 159 5010 mans
172 4955 209 5008 nii
230 4951 394 5008 eredendum
409 4950 540 5020 ejusrrrotli
564 4960 661 5020 praeter
679 4950 772 5005 bearn.
786 4952 870 5017 Quem

925 4950 1107 5018 regulatnsub
1131 4964 1181 5019 ipra
1207 4964 1266 5003 eum
1290 4950 1346 5003 suis
1373 4953 1491 5015 vireret,
1510 4951 1592 5006 deriit.
1618 4952 1709 5007 Altera

80 5038 200 5080 errorem
216 5022 341 5079 llantlius
355 5022 508 5085 liam-rsus,
522 5035 601 5087 snpra
616 5036 676 5090 carp.
688 5021 724 5077 85
738 5037 751 5073 a
764 5022 870 5076 Genna-

80 5097 125 5150 dio
139 5095 273 5159 laudatus,
289 5094 315 5147 in
331 5093 406 5146 libris
421 5092 477 5145 suis
490 5094 523 5144 de
533 5091 610 5146 Statu
625 5093 722 5146 autimas
733 5092 868 5147 coniurat:

80 5168 177 5234 ombus
188 5174 329 5235 propterea
344 5163 468 5232 praemitti
484 5163 553 5217 solet
569 5161 658 5215 i'strsti
682 5163 800 5229 libellus,
822 5165 869 5218 sed

80 5239 163 5291 tacito
182 5239 291 5290 numine
305 5235 431 5288 auctoris.
456 5230 530 5287 lianc
540 5247 615 5285 snam
630 5233 790 5286 sententiam
802 5232 870 5286 Fon·

80 5319 137 5362 stus
150 5309 264 5375 aspersit
274 5308 354 5360 etiam
365 5303 485 5372 epistolar
497 5302 529 5355 ati
547 5302 694 5355 littrlumm.
706 5302 765 5355 i'uit
779 5313 868 5357 sutem

80 5380 143 5431 oiim
165 5380 309 5431 inultorum
331 5389 426 5438 error;
447 5382 475 5426 ut
504 5373 676 5435 Tertrriiinni,
704 5377 749 5442 qui
773 5374 870 5428 animae

80 5463 189 5518 eorptts,
203 5448 250 5501 sed
263 5446 460 5508 tenuissimum,
472 5442 582 5513 deputat
595 5445 621 5496 iu
634 5444 701 5495 trino
712 5448 746 5496 tie
757 5446 868 5496 iirtirua:

62 5578 64 5584 ,
82 5519 215 5590 Siquidem
232 5534 285 5586 pror
296 5518 363 5588 ipso.
378 5515 472 5584 inquit,
486 5514 615 5567 tenuitatis
629 5511 767 5567 subtilitate
778 5514 809 5566 de
821 5514 872 5583 pile

80 5594 199 5722 ⁶⁰?de
201 5584 740 5724 ¹{2⁶:1e8rr3’r5tr:rctglrls‘grldrdri't'd:⁴pssilrltsGreporrnot
753 5652 870 5720 vitiose3

81 5730 176 5785 cutrier
199 5730 397 5784 'tillemontium
414 5736 432 5780 t.
450 5726 506 5780 xit
525 5728 637 5778 ilerrrur.
661 5724 699 5777 ita
724 5723 784 5793 lego
808 5740 869 5779 eunt

83 5800 178 5858 iussio
189 5802 207 5856 t.
223 5817 249 5857 e.
264 5812 290 5856 et
302 5799 384 5855 Catio
406 5808 473 5868 part.
499 5799 508 5852 i
529 5797 595 5852 ilist.
613 5794 665 5851 bit.
679 5808 705 5865 p.
717 5795 780 5851 259.
796 5794 874 5851 Nori·

926 5021 1065 5086 posterior,
1080 5036 1138 5090 qnae
1155 5018 1235 5086 priori
1252 5020 1408 5092 (superstite
1421 5023 1509 5074 adbuc
1521 5021 1556 5077 Ga
1566 5020 1649 5091 sario)
1664 5023 1710 5076 tic-

925 5092 1022 5144 inortm
1039 5093 1065 5144 in
1078 5091 1341 5155 abbatissaemuncre
1358 5091 1507 5146 successit:
1522 5102 1550 5146 ut
1566 5101 1711 5148 auctorest

923 5159 1711 5232 CypriantrsiniitoSGacsatii,ouantCaesariaebuJusroga-

924 5240 951 5284 tn
961 5234 1118 5300 composuit.
1129 5231 1170 5287 ab
1181 5231 1230 5286 bac
1241 5233 1332 5286 eadem
1348 5232 1710 5302 itatieguodisabbatissare·

922 5301 1137 5372 gulamGacsarii,
1146 5317 1224 5370 otram
1233 5305 1395 5357 monasterio
1405 5317 1454 5358 suo
1466 5304 1581 5358 traderet
1589 5303 1710 5371 expetiit.

959 5371 1092 5426 Caternru
1108 5372 1244 5427 Ennodios
1257 5373 1397 5427 Cerasium
1409 5373 1478 5427 bunc
1490 5381 1566 5426 roeat
1580 5373 1711 5445 episcopo·

924 5459 980 5497 runt
996 5443 1037 5497 sni
1051 5444 1139 5504 sternii
1148 5442 1345 5511 nobilissimam,
1356 5444 1482 5508 doctrino,
1492 5442 1646 5511 eloquentia,
1655 5444 1713 5500 oitoe
1764 5462 1767 5467 ·

923 5516 1058 5568 sanctitate
1083 5513 1261 5568 clarissimam.
1289 5514 1313 5569 is
1330 5516 1443 5569 curritcta
1468 5514 1656 5570 criminatione
1679 5515 1713 5568 ad

924 5583 1117 5644 Theodericum
1133 5600 1221 5654 regem
1237 5583 1360 5648 delatus,
1383 5583 1591 5655 novennemque
1604 5585 1653 5640 sub
1664 5600 1712 5640 ou·

925 5655 1010 5708 stotlia
1025 5663 1186 5724 pertractus.
1203 5655 1324 5725 angelici
1339 5653 1428 5708 cuitus
1444 5663 1563 5724 aspectu,
1585 5664 1614 5710 et
1637 5657 1714 5711 inno-

925 5723 1022 5779 centiae
1034 5723 1178 5780 securitate
1202 5739 1291 5794 regem
1306 5725 1342 5778 ita
1357 5726 1500 5793 pcrrnorit,
1516 5734 1612 5781 utnon
1627 5727 1714 5783 solam

925 5803 1019 5868 pacate
1027 5795 1231 5868 humaniterque
1241 5809 1301 5851 eum
1312 5796 1460 5868 exceperit,
1469 5795 1518 5854 sed
1528 5795 1725 5853 obiat‘tsetiam
