3788 6120
167 257 218 315 lot

836 255 963 316 nunten
983 222 1133 313 ‘etruscum

1744 261 1800 325 108

164 369 240 427 stolae
263 369 399 434 covvtinst,
415 381 479 439 rogo
496 374 527 423 ut
550 381 600 440 pro
618 367 742 425 tarditate
762 368 867 426 veniant
891 369 955 425 dare
968 371 995 429 A
1008 364 1187 435 nigredinem,
1203 366 1238 422 ita
1262 381 1334 424 ntvnc
1355 366 1414 450 sub·
1431 369 1512 441 pullis
1537 371 1658 429 vestibus
1683 387 1798 445 operans

163 462 318 537 dignamini.
336 459 409 517 Vale.

452 551 558 609 bctsr.
579 552 665 609 xllx.

252 645 374 701 Ruricius
388 644 520 717 ιρίιιιριιι
532 642 661 713 Capiilsto
676 643 734 714 filio
746 643 864 699 ιιιιιιιιιιι.

120 810 124 814 .
198 756 305 814 Gratias
333 770 383 825 ago
413 755 505 826 pietati
520 765 617 811 vestrae
645 754 717 824 quod
746 771 790 812 me
813 753 956 812 consulere

160 850 195 904 tle
211 857 224 886 ι
239 847 356 904 civitatis
369 847 539 902 ordinatione
552 847 715 918 diguamiui;
732 861 793 904 cum
811 848 888 905 robis
901 849 957 903 sul·

162 941 253 1002 licere,
266 938 322 993 beo
332 939 458 1010 propitio,
471 939 537 994 satis
547 937 706 1010 abundeque
720 940 837 1009 possitis.
851 940 883 994 Et
893 939 955 995 ideo

162 1028 224 1097 qnia
239 1027 311 1097 quod
327 1028 438 1084 vohiset
449 1028 577 1084 iratribus
592 1029 690 1085 vestris
702 1028 888 1099 placet,nobis
898 1029 955 1086 dis·

163 1117 266 1187 galicere
285 1135 340 1172 nnn
356 1117 446 1174 debet.
466 1119 539 1175 Betae
560 1117 659 1187 facitis,
676 1127 706 1174 nt
720 1118 855 1175 homiuem
875 1135 954 1191 quern

163 1207 315 1264 communis
327 1220 475 1263 consensus
488 1207 579 1280 elegit,
592 1193 735 1265 ordinetis.
746 1207 800 1266 sed
810 1208 955 1265 admonete

163 1300 237 1356 illum
249 1308 278 1355 nt
288 1298 522 1367 veritatistudeat,
535 1314 589 1354 non
600 1298 725 1366 ialsitati;
742 1301 811 1369 paci,
826 1314 879 1356 nou
894 1315 955 1372 per·

163 1392 274 1458 ditioni;
288 1391 449 1463 disciplinae,
460 1405 515 1445 non
528 1390 688 1458 discordiam
700 1390 809 1447 utilitati
824 1391 952 1462 publicae,

163 1501 219 1541 non
235 1488 344 1552 privatae
357 1482 512 1553 eupiditati;
525 1482 651 1552 justinae,
667 1499 722 1539 nou
736 1483 847 1553 rapinae.
867 1482 955 1539 raea-

164 1589 208 1632 tnr
230 1575 333 1640 bonos,
348 1573 474 1630 emendet
487 1587 549 1631 reos
564 1591 571 1629 :
586 1573 700 1631 miseros
722 1589 778 1629 non
791 1573 887 1641 iaciat,
904 1571 953 1629 sed

163 1662 301 1721 delendat.
313 1663 438 1731 corrigat
451 1672 561 1729 sontes,
580 1664 713 1720 custodiat
726 1665 901 1731 innocentem
924 1674 951 1718 ut

1007 454 1066 511 luce
1092 455 1245 512 candescat.
1269 455 1398 514 Peccator
1416 461 1488 516 enim
1510 476 1562 531 qua
1576 462 1621 519 die
1646 477 1798 523 conversus

1006 548 1176 618 ingemuerit,
1193 527 1256 605 thnc
1268 549 1357 606 salvus
1372 551 1435 609 erit.
1449 551 1601 609 Dummodo
1618 555 1695 623 juata
1710 559 1798 612 sancti

1006 637 1082 697 Pauli
1095 642 1208 712 apostoli
1221 644 1392 708 sententiam,
1401 645 1469 701 sieut
1480 646 1651 704 exhibuimus
1663 649 1798 706 hactenns

1005 745 1118 798 corpora
1136 720 1228 789 nostra
1250 735 1354 790 servire
1366 736 1478 803 saeculo,
1491 746 1518 792 et
1542 738 1677 809 iniquitati
1695 741 1728 795 ati
1745 743 1798 797 ini·

1005 824 1146 894 quitatem,
1164 824 1200 881 ita
1212 840 1286 881 nuuc
1300 827 1475 883 exhibeamus
1498 829 1618 885 nvcmhra
1632 841 1723 886 anostra
1738 847 1799 888 sev·

1006 915 1064 971 vire
1082 915 1193 985 justitiae
1208 917 1236 972 iu
1249 918 1487 974 saavctiltcationenv
1502 921 1592 991 (hom.
1608 937 1654 987 vt,
1668 923 1724 996 ab).
1740 924 1816 981 Nec*

1006 1005 1091 1063 sitnus
1110 1007 1186 1077 quasi
1200 1006 1324 1063 tivncntes
1344 1011 1436 1076 ileum,
1452 1010 1525 1067 aliud
1539 1015 1709 1069 sermonibus
1725 1033 1797 1084 prat·

1005 1097 1159 1165 tendentes,
1174 1097 1244 1153 aliud
1259 1097 1387 1155 hahentes
1406 1101 1433 1154 iu
1453 1101 1588 1170 maribam
1611 1106 1684 1160 alind
1698 1120 1792 1162 osterr-

1006 1195 1094 1242 tantes
1105 1188 1132 1243 iu
1146 1188 1352 1254 restibus,alind
1364 1191 1468 1247 actibus
1480 1195 1687 1259 comprobantes
1698 1213 1795 1258 nenos

1005 1277 1128 1334 mordeat
1149 1293 1239 1334 scruto
1262 1279 1308 1335 ille
1330 1279 1497 1348 Dovvxinicus,
1516 1284 1566 1338 sub
1579 1287 1678 1341 vestitu
1703 1291 1794 1343 ovium

1005 1369 1126 1440 luporum
1141 1370 1240 1426 rabiens
1262 1382 1448 1443 eorttcgentes.
1463 1375 1529 1442 Quia
1546 1377 1640 1433 oculus
1657 1377 1702 1435 ille
1724 1381 1796 1437 divi·

1004 1476 1066 1531 nus,
1081 1463 1149 1517 sieut
1162 1462 1291 1530 scriptum
1306 1475 1358 1530 est,
1373 1465 1446 1520 onvxvi
1461 1466 1521 1522 luco
1536 1467 1621 1523 bonos
1639 1470 1797 1538 speculatur

1004 1560 1032 1608 et
1043 1553 1212 1608 thalassiae
1222 1554 1399 1625 dubio,quem
1412 1556 1446 1610 ad
1459 1573 1488 1612 se
1496 1557 1601 1629 integro
1611 1560 1691 1615 corde
1702 1572 1796 1618 trans·

1004 1643 1046 1699 ire
1067 1646 1248 1713 conspexerit,
1270 1645 1327 1716 ipse
1349 1647 1375 1700 iu
1392 1662 1438 1703 tor
1459 1648 1531 1706 illius
1547 1650 1604 1721 iugi
1626 1651 1797 1709 habitatione

164 1754 200 1811 its
223 1767 306 1824 agens
321 1752 406 1825 magis
419 1749 510 1808 loturo
524 1753 609 1823 possit
618 1751 728 1831 plaeere
748 1752 851 1824 jndicio
873 1768 953 1825 quaxn
970 1741 993 1801 B
1006 1734 1161 1800 descendet,
1174 1746 1203 1790 ut
1216 1750 1248 1791 eo
1263 1734 1414 1793 habitatore
1430 1754 1482 1794 non
1496 1752 1597 1808 eareat,
1611 1745 1654 1798 eui
1674 1760 1705 1800 se
1725 1760 1797 1816 prae-

109 1894 113 1902 ,
166 1844 302 1917 praesenti.

448 1953 557 2013 EPlS'l'.
572 1953 669 2011 xxiii.

164 2047 274 2105 Destino
288 2048 382 2104 illustri
396 2063 543 2130 sonipesque
555 2048 692 2130 mesquipico
715 2048 772 2118 pilio
790 2046 804 2088 b
825 2048 954 2122 Agricnoe

414 2118 535 2173 llataeana
548 2133 691 2190 episcopas.

200 2237 319 2295 neleens
332 2237 429 2294 litteris
441 2235 612 2293 sublimitatis
621 2236 834 2306 sadregisilus
844 2236 900 2292 Deo
910 2251 952 2306 egr

164 2329 237 2402 qaod
252 2343 299 2385 tos
315 2328 389 2399 prins
411 2327 558 2384 revaluisse
581 2326 750 2383 ordinatione
764 2327 859 2398 ipsius,
872 2341 952 2397 quarn

164 2421 313 2481 tvdvnatos
334 2436 396 2479 ests
416 2421 540 2491 cognovi,
554 2429 582 2475 et
596 2419 675 2476 nobis
695 2420 856 2475 anxietatem
872 2418 952 2474 tolle·

165 2522 218 2577 res,
233 2512 346 2569 etvohis
373 2511 499 2567 redderet
519 2509 785 2580 aspernaremur
807 2519 898 2563 tamen
911 2508 954 2563 in·

165 2604 318 2660 lirmitatcrn
338 2601 414 2657 robis
427 2602 574 2657 clementer
588 2600 699 2668 illatam,
724 2600 840 2671 propitio
864 2601 952 2670 potius

166 2709 247 2765 qnsxu
273 2693 342 2749 irato
362 2692 421 2762 ipso
446 2691 559 2748 lietuino
586 2701 694 2758 nostro,
720 2706 770 2762 pru
792 2690 871 2746 solita
895 2691 953 2759 cius

165 2786 275 2856 pietate,
296 2781 423 2852 conjicio.
438 2782 484 2838 Sic
505 2781 577 2837 enim
602 2782 725 2852 legimus,
740 2781 812 2852 quvvd
825 2781 953 2851 corripiat

167 2873 295 2930 hominus
308 2887 387 2941 quesn
410 2871 513 2942 diligit;
536 2871 622 2942 diligit
641 2879 731 2927 autent
745 2861 952 2927 umneux'llliunt

165 2981 245 3036 quern
265 2965 361 3034 recipit
382 2962 474 3033 (idcir.
489 2978 539 3030 xn,
555 2962 593 3026 6).
614 2962 690 3031 Quod
717 2965 798 3020 etiam
823 2967 848 3019 in
864 2965 950 3031 robiv,

166 3065 293 3127 quantum
317 3055 408 3122 audio,
423 3068 453 3109 re
468 3053 609 3129 probatum
625 3064 656 3109 ut
669 3054 799 3111 ordinatis
812 3054 951 3111 aflectibus

166 3150 274 3214 tastris,
287 3162 365 3204 sumn
385 3146 461 3203 vobis
483 3146 632 3204 insinuaret
656 3145 792 3214 allectum,
809 3155 837 3203 et
860 3147 953 3202 habitu

165 3243 311 3311 suimoqno
332 3247 447 3306 mumto,
459 3238 553 3309 iugum
567 3238 644 3295 nobis
657 3239 850 3297 suaa'leanatis
864 3241 952 3310 impo-

165 3339 253 3396 ssret,
264 3339 294 3386 ut
307 3328 417 3386 salmani
431 3330 522 3384 currui
547 3342 598 3384 suo
626 3329 695 3384 colla
717 3329 873 3402 subdentes,
888 3331 952 3386 dunt

166 3420 352 3479 mandatorum
367 3433 477 3475 suornm
492 3420 550 3475 iere
565 3435 632 3475 onus
647 3420 770 3487 evehitis,
781 3431 952 3492 peccatorum

1004 1825 1107 1895 paravit
1127 1823 1317 1883 babitaculum.
1334 1826 1441 1884 Gratias
1464 1829 1554 1902 itaque
1567 1832 1680 1891 Domino
1695 1848 1793 1891 nostro

1003 1928 1084 1983 super
1099 1925 1151 1969 tarn
1167 1916 1340 1972 inenarrabili
1368 1918 1426 1987 ejus
1454 1920 1573 1979 beatitate
1596 1925 1794 1985 incommune

1003 2002 1162 2070 relevamine,
1171 2004 1214 2076 qui
1229 2008 1330 2062 naavvtlt
1340 2024 1434 2065 servos
1447 2027 1557 2068 attonsae
1567 2031 1645 2083 quana
1659 2017 1793 2085 perdere:

1004 2098 1150 2168 corrigere,
1172 2114 1251 2167 ‹pmtnv
1269 2100 1378 2170 punire;
1402 2111 1429 2158 et
1445 2119 1493 2173 pro
1511 2120 1592 2161 usura
1617 2090 1707 2163 brevis
1730 2110 1796 2165 vitae

1003 2199 1132 2261 perpetua
1153 2204 1236 2258 regna
1254 2189 1364 2247 donare.
1378 2192 1454 2259 Quod
1480 2205 1614 2264 superest,
1629 2198 1718 2253 saluto
1733 2200 1794 2267 pto·

1004 2280 1111 2349 simunt,
1125 2290 1152 2336 et
1163 2281 1286 2336 ancillam
1302 2291 1420 2338 vestram
1432 2285 1509 2341 vobis
1526 2287 1655 2356 peculiari
1669 2289 1793 2346 insinua·

1004 2370 1076 2429 tione
1090 2372 1266 2428 commendo:
1280 2375 1427 2444 quamlibet
1436 2375 1487 2433 hoe
1499 2379 1574 2434 salva
1588 2391 1678 2436 vestra
1692 2383 1795 2452 pietate

1003 2479 1056 2520 non
1069 2473 1160 2535 egeat;
1177 2473 1206 2519 ut
1219 2479 1273 2535 qun
1288 2480 1347 2519 eavn
1361 2469 1499 2534 suscipere
1521 2472 1588 2525 tanti
1604 2469 1736 2526 habuistis
1749 2473 1791 2527 nl-

1002 2553 1084 2621 lectu,
1096 2568 1203 2623 semper
1226 2554 1351 2622 lateatis,
1369 2557 1525 2627 indultuque
1552 2558 1676 2629 largitate
1700 2561 1793 2618 divina

1003 2653 1130 2716 utrosque
1144 2646 1253 2702 nossibi
1264 2648 1366 2715 paravit
1379 2650 1527 2717 obnoxiam
1542 2665 1590 2707 vos
1606 2666 1672 2709 avos
1689 2653 1793 2710 iacietis

1003 2753 1051 2796 sua
1071 2738 1244 2804 iocunditate.
1255 2755 1304 2794 nos
1318 2754 1441 2809 proavos.
1456 2741 1587 2800 ὓοιιιιιιιιιι
1600 2745 1682 2800 iiliaut
1706 2761 1794 2801 meant

1002 2829 1135 2887 desiderio
1159 2832 1321 2896 ethonore,
1346 2845 1400 2902 qno
1423 2833 1534 2903 dignum
1550 2847 1602 2903 est,
1625 2838 1738 2908 sospito.
1754 2842 1796 2892 tlh

1002 2925 1090 2994 cujus,
1109 2925 1132 3014 si
1154 2924 1266 2980 lacultas
1292 2934 1365 2981 esset
1392 2925 1558 2994 ambulandi,
1585 2939 1645 2985 crat
1670 2930 1798 2985 voluntas

1010 3015 1210 3084 promptissima
1236 3029 1283 3069 vos
1306 3015 1435 3082 visendi;
1460 3026 1489 3072 ιιι
1512 3033 1593 3088 quam
1619 3019 1796 3076 interioribus

965 3095 1090 3160 Coctilis
1105 3119 1154 3174 pro
1165 3104 1305 3160 affinitatis
1322 3104 1407 3174 ipsius
1428 3108 1616 3176 coniunctione
1627 3109 1684 3180 jugi
1700 3127 1793 3167 reeor-

1003 3197 1112 3254 datiooe
1126 3198 1319 3269 conspicimus,
1334 3199 1512 3258 exterioribus
1526 3216 1712 3261 cessassemus.
1725 3206 1798 3276 opto

1004 3291 1072 3348 bavae
1084 3303 1158 3361 agas.

1280 3422 1390 3480 enisa.
1407 3423 1515 3481 xxxii.

166 3528 273 3586 Bmeffl
288 3511 422 3568 “icium
442 3509 594 3579 dimum&
610 3510 674 3566 ΗΜ
685 3519 728 3566 ³⁸²
746 3512 818 3567 ‘⁰¹¹⁰
841 3513 953 3567 ΝΜΟ
1003 3532 1115 3589 Domino
1129 3543 1218 3594 sancto
1229 3544 1253 3589 tt
1266 3534 1416 3605 apostolico,
1431 3538 1548 3605 amnique
1560 3553 1577 3590 a
1590 3554 1629 3590 me
1647 3537 1748 3593 bostare
1769 3552 1795 3595 et

165 3605 288 3662 dexterae
304 3602 421 3668 Excelsi,
432 3601 495 3658 dum
506 3602 541 3659 de
551 3602 737 3674 peceatoubus
748 3602 846 3673 justos,
861 3603 895 3660 de
907 3619 954 3660 ex·
1039 3621 1124 3658 anne
1137 3606 1275 3674 specialius
1292 3605 1399 3659 colando
1420 3607 1497 3676 [ratri
1520 3606 1632 3663 Coescrio
1649 3611 1796 3681 eepiscopo

168 3697 268 3752 transis
282 3694 456 3762 domesticos,
469 3697 570 3751 amieos
582 3695 632 3750 sibi
658 3693 747 3751 iacens
773 3694 899 3766 dignatur
918 3711 952 3767 ea
1041 3675 1171 3730 fllliffil'l'·

167 3789 264 3843 serris.
280 3786 411 3857 Superest
424 3797 455 3840 ιιι
477 3802 548 3842 nunc
570 3788 775 3843 conversionem
790 3803 869 3858 qnam
888 3804 953 3860 pro-
1041 3786 1137 3842 Frater
1144 3786 1378 3857 eteornpresbgtcr
1388 3798 1480 3844 noster
1493 3787 1642 3860 (lapillulos
1651 3792 1795 3862 dupliciter

168 3878 268 3935 tulistis
282 3878 311 3933 in
326 3886 411 3942 vestm
428 3877 546 3946 probetis
561 3878 587 3931 iu
608 3877 706 3945 carde;
721 3886 748 3933 ct
762 3876 820 3934 haee
834 3894 954 3934 commu·
1006 3877 1057 3934 hae
1077 3879 1136 3932 sice
1151 3878 1229 3931 nobis
1250 3887 1341 3948 gratus
1365 3879 1497 3950 apparuit,
1514 3882 1577 3937 duan
1598 3883 1698 3954 etipse
1712 3885 1790 3941 anobis

168 3967 504 4025 tatiuinterindumentum
517 3967 952 4035 vestrumhabeavoretantvnun;
1003 3970 1060 4042 jam
1083 3971 1129 4026 diu
1152 3969 1320 4026 desideratus
1342 3972 1470 4038 occurrit,
1484 3981 1512 4029 et
1537 3975 1681 4044 quamdam
1709 3979 1794 4033 mppr

167 4071 197 4118 ut
214 4059 282 4117 sicut
302 4058 349 4115 ille
368 4059 419 4114 suh
431 4057 552 4115 candidis
574 4060 696 4115 vestibus
710 4057 803 4114 babuit
817 4059 954 4130 hueusque
1006 4062 1177 4133 presentiam
1196 4059 1273 4116 nubis
1295 4076 1343 4133 per
1363 4067 1465 4118 vestras
1489 4062 1592 4120 litteras
1605 4079 1792 4136 repraesentat,

204 4270 219 4299 ⁸
233 4260 296 4316 llaec
310 4274 373 4324 nox,
389 4267 419 4314 ιιῑ
433 4263 509 4325 pota,
522 4229 646 4323 corrupta
657 4264 709 4310 est.

1009 4254 1145 4327 squidem,
1159 4255 1285 4323 abrogata
1300 4258 1345 4314 ill'a
1359 4258 1417 4329 jura
1432 4261 1522 4315 denuo
1536 4260 1702 4317 instaurasse
1711 4263 1796 4337 Sym-

202 4327 293 4385 bron
319 4330 442 4396 Agricola
474 4341 514 4382 ιιι
538 4326 661 4390 illustris,
682 4324 753 4380 Aviti
786 4323 955 4392 imperatoris
1009 4326 1132 4381 maehum
1157 4326 1262 4396 ipsique
1281 4329 1398 4384 carario
1420 4331 1518 4385 utenda
1541 4335 1716 4390 consecravisse.
1741 4335 1796 4390 Sevi

168 4398 248 4465 hilare,
264 4399 364 4456 hedisti
379 4395 525 4464 [ratemqui
542 4403 597 4451 turn
610 4410 701 4451 cuntes
716 4394 896 4466 magisterque
909 4396 957 4449 mi·
1009 4395 1169 4452 ellluxerunt
1192 4399 1254 4452 anni
1277 4412 1367 4454 octoa
1386 4400 1501 4455 concilo
1514 4399 1658 4464 Agatlvensi
1675 4407 1708 4458 avi
1722 4406 1796 4460 risa-

168 4469 244 4524 iitnm
260 4471 441 4524 Arvernorum
456 4468 537 4521 vvvnlta
558 4469 583 4520 ln
599 4465 672 4521 urbis
684 4465 841 4520 delensione
859 4465 968 4519 adven·
1010 4467 1092 4520 cintus
1107 4467 1271 4522 Arelatensis
1285 4471 1490 4524 restitutionem.
1503 4469 1610 4541 Propria
1626 4472 1707 4538 igitur
1718 4477 1794 4528 nisus

168 4552 215 4594 sus
239 4537 341 4592 Gothos
383 4546 503 4602 esserat;
537 4536 609 4592 iilius
635 4551 756 4590 sororem
782 4533 954 4605 Papianillana
1008 4536 1167 4592 avvctoritate
1191 4546 1399 4608 contemptoque
1423 4538 1535 4593 liomani
1559 4541 1793 4609 praesulisedicto,

170 4622 280 4664 nxorem
295 4553 410 4661 deiciat
431 4607 557 4662 Sidonius
581 4605 753 4677 Apollinaris,
774 4615 802 4659 ut
823 4615 897 4675 patet
919 4620 953 4661 es
1008 4606 1151 4660 exancilium
1168 4609 1318 4675 Agatbense
1339 4622 1491 4663 convocans
1505 4608 1638 4666 caesariae
1656 4613 1691 4667 ad
1710 4613 1793 4668 linri-

166 4693 212 4750 ep.
230 4678 248 4732 l.
265 4692 294 4743 ιι,
309 4692 352 4745 ep.
367 4676 410 4731 ab.
421 4675 502 4730 bran.
1007 4677 1078 4731 cium
1091 4684 1120 4730 ut
1129 4676 1234 4732 adesset
1248 4678 1403 4745 scripserat.
1419 4678 1516 4733 hentvit
1530 4677 1662 4747 Raurieius,
1675 4697 1709 4736 eo
1721 4683 1795 4751 qood

206 4748 382 4815 ‘scripserat
396 4746 428 4798 ad
444 4744 579 4799 harriciuvn
593 4743 726 4800 Caesarius
742 4753 772 4799 ut
790 4744 906 4799 concilio
920 4760 952 4800 ex
1008 4760 1061 4800 non
1077 4746 1142 4799 satis
1159 4746 1233 4800 lirma
1260 4749 1411 4803 valetudine
1437 4758 1573 4814 uteretur,
1588 4751 1635 4804 sed
1657 4754 1747 4821 potius
1761 4770 1796 4808 eva

167 4816 444 4874 vvviversadatboanau
455 4814 671 4882 alitionellgathaa
679 4821 827 4868 convocato
835 4829 952 4881 praeseus
1005 4814 1077 4884 quod
1089 4830 1119 4870 se
1129 4830 1143 4868 a
1154 4814 1271 4870 Caesario
1280 4818 1326 4871 des
1347 4827 1434 4872 ectum
1445 4818 1581 4881 crederem
1591 4818 1702 4876 aberant
1711 4823 1794 4877 etiarn

166 4888 285 4943 adesset.
309 4887 427 4941 liabetur
440 4884 500 4949 eius
512 4899 527 4935 c.
540 4883 833 4951 astartatntevepistotas
850 4883 950 4949 Favvsti,
1007 4884 1128 4954 plerique
1142 4886 1304 4954 epvovineia
1340 4888 1473 4950 iennensi,
1484 4888 1541 4957 qui,
1555 4890 1678 4953 quamvis
1688 4892 1796 4946 Alarico

166 4958 291 5026 superius
301 4957 387 5012 editas
403 4953 482 5023 (Vide
495 4898 871 5023 ivassalsscleherrivnumiuit
885 4953 951 5009 illntl
1006 4953 1116 5018 subditi,
1132 4968 1222 5008 eoram
1241 4957 1392 5012 Arelatensi
1406 4959 1520 5028 praesule
1541 4956 1626 5013 lasces
1648 4959 1795 5017 danvittere

165 5028 319 5094 concilium,
332 5027 358 5080 in
369 5040 420 5094 quo
428 5023 573 5079 Galliarum
583 5023 723 5091 primatem
739 5026 953 5095 segevebnvpi·
1004 5024 1141 5088 nolebant,
1160 5034 1186 5079 et
1201 5029 1307 5093 propria
1320 5026 1380 5092 jura
1402 5045 1416 5079 a
1433 5027 1597 5096 Symmacho
1611 5043 1708 5083 recens
1725 5047 1794 5085 con-

166 5110 266 5167 scnpus
281 5095 458 5158 Arelatensis,
474 5096 518 5162 qui
531 5093 644 5148 eoncilia
664 5094 830 5148 convocabat
845 5093 952 5162 illisque
1004 5095 1106 5147 llrnvata
1118 5094 1302 5152 venditabant.
1319 5095 1404 5150 iratus
1417 5113 1509 5151 eorum
1525 5096 1647 5152 absentia
1660 5099 1796 5155 cesarius

167 5179 291 5239 praerat.
314 5165 442 5220 Autumat
459 5167 499 5216 vir
520 5163 718 5217 eruditissimus
738 5163 860 5218 Baluzivnt
883 5164 952 5218 hanc
1002 5163 1087 5233 lagena
1104 5162 1194 5217 sanxit
1209 5179 1260 5233 qua
1275 5165 1410 5221 terebatur
1427 5176 1456 5221 ut
1469 5167 1490 5219 ni
1502 5168 1725 5236 metropolitanus
1738 5175 1797 5237 egvi-

166 5239 320 5309 diguitatcm
334 5234 451 5290 Gaesavio
462 5232 622 5287 auctoritate
643 5233 791 5302 pontificali
806 5234 890 5289 luisse
903 5233 951 5289 dc-
1003 5246 1101 5300 scopus
1113 5233 1146 5287 ad
1156 5234 1399 5302 comprovinciales
1409 5235 1535 5305 epistolas
1547 5236 1685 5303 direxerit,
1698 5240 1725 5294 in
1735 5240 1798 5309 qni·

166 5308 320 5364 mavrdataxn
337 5315 365 5360 et
375 5303 514 5360 sancitam.
528 5301 582 5356 Sed
595 5317 628 5356 eo
643 5313 774 5372 tempore,
789 5318 860 5357 anno
878 5305 952 5358 scali-
1002 5301 1054 5357 hus
1075 5317 1121 5357 eos
1143 5304 1235 5358 autad
1251 5304 1448 5360 ordinationem
1468 5308 1564 5360 summi
1586 5307 1732 5374 prontilicis,
1748 5320 1797 5362 aut

167 5388 212 5434 cet
225 5377 288 5440 506.
315 5372 492 5447 ngnvvvachus
517 5372 645 5427 iionvauna
672 5375 744 5428 sedis
769 5374 878 5440 praesul,
890 5374 949 5442 jura
1002 5371 1036 5427 ad
1050 5373 1182 5443 synodum
1198 5373 1302 5440 invitet,
1315 5375 1461 5444 postpositis
1472 5377 1709 5448 panathenaeon
1724 5381 1796 5449 graui

169 5449 242 5511 prius
259 5448 354 5505 AEottio
379 5443 525 5498 Arelatensi
549 5441 676 5512 episcopo
699 5457 827 5498 concessa
846 5444 951 5514 penitus
1002 5441 1287 5512 infirmitatecorporis,
1302 5457 1347 5497 ast
1362 5446 1531 5513 preceptione
1549 5447 1631 5516 regin,
1645 5447 1680 5500 od
1700 5450 1796 5502 consti·

168 5517 353 5584 abrogaverat,
368 5513 584 5569 constitutionem
610 5512 707 5566 heolus
726 5515 815 5581 magni
829 5530 844 5567 a
860 5527 889 5567 se
908 5527 952 5567 re·
1004 5521 1084 5566 totam
1095 5514 1161 5568 dican
1171 5516 1258 5568 adsue
1268 5528 1318 5566 oon
1332 5513 1466 5580 differant.
1478 5514 1534 5569 lios
1548 5515 1686 5570 decrctnvn
1700 5534 1713 5567 n
1729 5532 1797 5570 cun-

168 5586 287 5640 stitutavn
311 5583 528 5648 cvavrhranarerat,
543 5595 669 5637 assereus
695 5582 781 5639 lenevn
798 5585 951 5648 ipcnnstan·
1003 5582 1067 5636 cilio
1080 5585 1173 5646 latum,
1190 5593 1245 5637 turn
1269 5583 1351 5637 etiarn
1364 5584 1473 5639 Caesarii
1497 5584 1665 5654 quercherie
1689 5585 1798 5641 Ruricii

168 5663 276 5725 temque
303 5653 420 5709 satiatum
450 5652 569 5728 pontifici
592 5665 646 5708 nou
671 5653 819 5709 convenicc
835 5672 845 5724 ;
860 5666 952 5707 smum
1004 5653 1136 5716 absentia,
1150 5652 1211 5709 lauie
1233 5652 1354 5718 epistota
1368 5652 1692 5710 dederuntoccasioncta.
1710 5656 1796 5710 lissa.
