3788 6120
153 280 207 341 m
623 284 632 300 ‘
781 276 905 335 sibulttl
924 274 1154 335 seotttntuls

152 392 234 464 366
246 391 326 448 Forte
337 391 405 462 diss,
420 399 533 449 matrem
545 390 628 448 celeri
643 389 710 461 petit
722 387 780 460 ipse
793 387 895 444 rolatu-
961 391 987 448 Α
1002 386 1171 459 llygdonium
1187 385 1281 443 lusere
1293 385 1402 452 blidam,
1419 368 1570 460 qui'paupu

152 482 234 552 Cujus
248 482 301 547 lux,
314 496 403 549 arcus,
419 489 555 554 ·eorgtus
570 478 724 553 pendebat:
735 488 763 534 at
777 478 822 534 ilie
998 476 1100 533 bitatit
1113 477 1199 534 uersis
1212 477 1314 534 Pactoli
1328 475 1438 532 humina
1452 477 1531 533 rotis.

152 570 285 637 Cerrinus.
300 580 327 627 et
341 570 416 627 lueres
429 571 547 642 pendcm
561 570 589 626 in
604 569 725 640 margine
741 569 846 638 palmae,
998 569 1129 641 Splendet
1142 570 1285 642 perspicuo
1299 570 1389 625 radios
1402 577 1461 625 tuta
1475 567 1570 641 mergit

151 659 274 716 libratos
286 675 336 732 per
349 661 428 717 inane
442 660 523 731 pedes
537 659 700 716 adverberat
713 659 775 727 alis,
996 661 1161 718 Marmaricae
1174 662 1209 718 de
1223 659 1299 717 lauee
1311 659 1386 727 lere,
1398 660 1461 716 dunt
1474 659 1563 717 bellua

150 753 247 809 (iscula
261 755 301 810 sie
313 754 408 810 matris
419 767 546 822 carpens,
559 766 709 824 somnoque
721 750 819 808 relusm
996 753 1127 809 Dentibus
1139 754 1260 809 excussis
1272 752 1356 823 gemit
1370 753 1535 808 exarmarier
1546 767 1570 808 or

149 842 320 914 Semisopora
333 843 385 900 leri
398 843 537 915 scalpebat
549 842 650 899 lumina
664 856 761 915 penna.
996 843 1068 900 llisit
1081 852 1109 899 et
1122 843 1172 899 boo
1187 857 1296 910 munus,
1311 842 1417 914 tepidas
1429 841 1476 914 qui
1489 842 1570 900 nudus

149 933 216 989 ‘lum
230 935 304 1005 prior
319 935 360 991 his
373 934 462 990 alacer
478 933 570 1004 coepit.
585 934 658 989 Nora
671 933 768 1006 ganda
784 943 862 1003 porto
995 935 1126 993 Concolor
1140 934 1273 1006 AEthiopi,
1287 937 1330 993 rel
1345 935 1448 992 crinem
1463 935 1569 1008 pinguis

149 1023 246 1082 Felicis
260 1027 367 1097 praedm,
382 1025 512 1097 genitrix;
532 1024 604 1081 calet
614 1024 660 1081 ille
669 1026 803 1096 superbus
995 1028 1098 1092 Florus
1108 1028 1227 1085 odoratis
1241 1035 1323 1085 vexat
1339 1026 1480 1085 uenatibus
1493 1026 1570 1085 luder

148 1115 272 1173 liutricius
284 1118 384 1174 nostris
396 1117 511 1185 lacibus,
526 1117 651 1188 dulcique
661 1132 767 1176 ueneno
994 1121 1043 1177 llla
1057 1130 1145 1177 tamen
1162 1120 1236 1191 pasci
1248 1130 1340 1178 suetos
1354 1135 1402 1191 per
1414 1117 1521 1192 Cypron
1535 1119 1570 1177 olt

147 1208 256 1277 Tactus,
272 1209 389 1266 rotirum
403 1210 522 1281 suspirat
535 1209 618 1266 eorde
630 1208 766 1267 dolorem.
994 1211 1095 1268 Vitiata
1106 1211 1213 1284 stringit
1225 1223 1325 1284 myrto,
1338 1211 1416 1282 queis
1430 1220 1528 1268 cetera
1543 1220 1570 1268 te

148 1302 229 1359 iisset
242 1303 265 1359 si
278 1313 487 1375 praesenseras,
502 1302 671 1374 impenderet
679 1302 720 1360 illl
994 1303 1092 1362 Lactea
1107 1304 1223 1375 puniceo
1237 1303 1379 1360 sinuantur
1392 1305 1462 1360 eolla
1474 1302 1570 1361 corallo

148 1393 273 1450 Lemnias
287 1396 440 1465 imperium,
452 1391 549 1452 Cressa
561 1403 665 1452 stamen
677 1394 836 1468 labyrinthi,
1029 1395 1102 1466 Ergo
1117 1395 1168 1451 iser
1179 1394 1298 1466 aggressi
1311 1410 1317 1448 :
1330 1393 1451 1465 pendens
1466 1403 1524 1450 rota
1536 1408 1570 1451 so

146 1485 254 1542 Alceste
266 1485 359 1551 vimen,
373 1483 453 1543 Circe
467 1484 577 1557 herbas,
593 1500 673 1558 poma
683 1483 809 1559 Calypso.
995 1488 1076 1554 hera,
1091 1497 1118 1545 et
1130 1487 1158 1543 iu
1171 1486 1273 1559 liquido
1285 1501 1339 1542 non
1355 1485 1468 1542 soluitur
1479 1485 1567 1542 orbita

146 1577 236 1650 Scylla
248 1593 350 1646 eomas,
367 1579 490 1634 Atalanta
506 1580 599 1649 pedes,
614 1578 708 1637 bledea
719 1580 835 1648 lurores,
993 1579 1043 1636 llio
1057 1579 1153 1650 triplex
1170 1592 1224 1635 uno
1236 1578 1380 1634 comitatur
1391 1577 1476 1648 gratia
1491 1593 1570 1645 nexu.

146 1670 313 1740 llippodame
323 1684 411 1739 ceras,
425 1684 511 1744 cycno
523 1670 591 1729 iore
603 1680 665 1728 nata
679 1686 817 1730 eoronam.
994 1671 1043 1728 llic
1056 1671 1159 1729 redolet
1172 1670 1265 1742 patrrlo
1275 1669 1390 1727 lortunm
1402 1669 1479 1739 eopia
1491 1685 1570 1726 corut

146 1759 213 1818 iluie
227 1761 295 1818 llido
309 1761 337 1818 in
352 1762 464 1828 lerrum,
477 1762 557 1818 simul
569 1762 596 1818 in
608 1763 753 1835 suspendia
766 1762 878 1836 Phyllis,
955 1735 1075 1839 3308
1086 1763 1136 1820 llio
1156 1761 1259 1835 spargit
1270 1760 1384 1817 calathis
1396 1761 1442 1816 sed
1457 1758 1570 1817 nomeu

145 1852 255 1910 Euadne
267 1855 293 1909 in
308 1853 443 1923 darrrmas,
457 1861 486 1911 et
498 1853 604 1911 Sestias
619 1855 685 1912 isset
695 1857 722 1911 in
737 1856 832 1914 undas.
991 1855 1040 1911 llic
1054 1855 1181 1912 Cererem
1195 1853 1312 1910 Siculam
1326 1849 1442 1908 Pharius
1456 1851 1570 1908 comitet

180 1944 228 2001 ilis
241 1947 299 1999 haee
310 1944 356 2000 illa
369 1945 464 2001 refert.
478 1942 643 2013 Cantemus,
658 1954 733 2014 uste,
748 1947 877 2003 rebellem
991 1947 1040 2003 llic
1053 1945 1179 2017 gravidos
1191 1944 1312 2001 Pomona
1325 1943 1401 1999 sinus
1415 1958 1465 2014 pro
1479 1952 1570 2017 tempo

145 2035 224 2104 Quod
234 2037 333 2105 vincis,
345 2035 491 2108 laudasque
502 2036 607 2104 virum3
621 2037 668 2094 sed
681 2036 767 2093 lorma
778 2038 876 2109 puellae
886 2047 938 2106 est,
990 2037 1040 2093 llic
1055 2035 1145 2093 Pallas
1159 2036 1275 2093 madidis
1289 2033 1363 2091 uenit
1376 2034 1447 2091 iuter
1461 2033 1535 2106 prela
1549 2045 1570 2090 tr

144 2128 231 2199 Qunam
246 2129 269 2184 si
283 2138 434 2199 spectasset
446 2127 580 2201 quondam
593 2129 783 2187 Stheneboeius
798 2130 892 2199 heros,
990 2129 1039 2184 llic
1049 2128 1175 2184 distincta
1190 2127 1260 2183 lotus
1274 2126 1411 2182 maculosa
1425 2122 1569 2181 nebride'i

144 2221 204 2278 lion
219 2234 268 2292 pro
282 2230 437 2292 contemptu
451 2220 598 2278 domuisset
611 2230 732 2279 monstra
745 2221 900 2279 Chimerm:
989 2217 1079 2276 ludica
1092 2218 1224 2275 Echionio
1237 2217 1340 2274 Bromii
1352 2225 1424 2273 rotat
1436 2215 1511 2287 orgis
1525 2214 1570 2289 tbp

144 2312 405 2370 'ibernrodoontiaea
419 2313 463 2371 rel
478 2317 523 2386 qul
536 2312 667 2386 genitrice
680 2317 814 2387 superbus
989 2313 1038 2369 llio
1051 2320 1081 2370 et
1093 2311 1188 2383 Sigeis
1201 2310 1335 2381 specubus
1347 2309 1393 2381 qui
1407 2308 1539 2380 Dindyma
1550 2306 1570 2363 h

143 2404 251 2475 Sprerit
262 2405 401 2463 Cnosiacae
414 2406 557 2465 emerarta
571 2416 633 2465 ncta
648 2423 781 2478 coseress,
987 2405 1046 2461 iam
1061 2414 1150 2462 sectus
1163 2405 1263 2461 recalet
1272 2400 1406 2474 combas,
1422 2402 1465 2457 eni
1478 2408 1570 2473 guuur

142 2496 200 2552 liae
213 2498 269 2551 risa
285 2497 432 2567 occiderat,
449 2500 546 2568 lateor,
563 2500 613 2557 sed
625 2501 740 2557 minine
753 2514 830 2558 uero.
988 2496 1079 2569 lgncm
1093 2513 1141 2569 per
1154 2496 1254 2554 bilores
1268 2503 1411 2566 regemunt
1424 2508 1489 2548 eata
1501 2492 1570 2549 buxa

142 2587 178 2645 Et
189 2590 213 2645 si
222 2589 325 2661 judicio
340 2591 429 2649 lorsan
443 2592 508 2649 mihi
520 2603 614 2664 quartu
629 2593 733 2662 luisset,
1021 2589 1068 2646 Sic
1078 2598 1190 2646 uentum
1203 2587 1237 2644 ad
1251 2586 1382 2643 thalamos
1398 2602 1407 2641 r
1422 2585 1499 2654 thus,
1514 2599 1570 2642 uara

141 2676 185 2736 hle
198 2695 304 2754 quoque
317 2680 430 2740 lihoetea
442 2683 598 2742 damnasset
610 2683 624 2725 δ
635 2693 727 2758 pastor
738 2686 766 2742 in
779 2685 835 2755 lde,

141 2768 257 2829 ilinoere
270 2773 311 2830 rel
322 2773 344 2829 si
355 2781 443 2845 optas,
459 2774 538 2858 istam
548 2774 582 2833 da
596 2776 666 2832 malo
681 2776 796 2848 puellam
985 2776 1036 2834 llic
1049 2783 1124 2844 sunt,
1139 2773 1183 2831 blo
1194 2774 1306 2846 pboenix
1318 2773 1390 2830 busli
1405 2772 1452 2829 drt
1465 2773 1570 2829 cinnam

140 2862 259 2933 Dixerat,
275 2864 344 2920 hano
356 2863 484 2923 dederam
502 2866 615 2923 lormam
631 2882 680 2939 pro
692 2883 805 2925 munere
818 2869 931 2927 lormae:
984 2867 1111 2923 Proxima
1124 2869 1189 2938 quln
1203 2867 1284 2923 etiam
1300 2867 1429 2922 lestorum
1444 2864 1536 2920 alllata
1547 2877 1570 2921 el

140 2951 241 3011 'l'antus
254 2953 340 3010 honor
351 2955 500 3027 geniusque
513 2957 590 3027 genis
601 2975 610 3013 a
621 2959 719 3015 collata
734 2960 825 3016 rubori
983 2958 1042 3016 iam
1054 2961 1143 3014 minus
1155 2959 1228 3030 alget
1242 2958 1339 3025 hiems,
1351 2959 1524 3028 speciemque
1537 2964 1570 3013 tet

139 3040 242 3103 Pallida
255 3047 338 3102 blatta
354 3046 430 3115 latet,
445 3048 627 3121 depressaque
640 3049 742 3107 lumine
753 3053 841 3108 uultus
984 3049 1041 3107 lioc
1053 3048 1119 3106 dant
1134 3057 1198 3105 rota
1211 3049 1281 3114 loeo,
1298 3048 1369 3119 quod
1386 3063 1439 3104 non
1454 3047 1520 3104 dant
1531 3056 1570 3105 tet

138 3133 219 3206 367
233 3135 393 3206 iligreseunt
404 3135 495 3193 siricio
506 3137 649 3194 baccarum
660 3137 765 3210 fulguru
778 3141 859 3208 collo,
944 3100 968 3162 c
984 3139 1170 3212 Tunrjurenis
1183 3140 1307 3198 dextram
1322 3139 1424 3212 Paphie
1440 3140 1570 3197 dextram

138 3222 178 3282 Te
189 3239 298 3295 quoque
312 3225 481 3284 multimodis
494 3228 623 3285 ambisset
636 3228 722 3287 iberia
735 3231 815 3300 ludis,
984 3231 1183 3305 Compleetens,
1198 3234 1291 3306 paucis
1304 3232 1404 3290 cecinit
1415 3233 1546 3291 solemnis
1558 3233 1570 3290 d

137 3317 196 3374 Αῐθ
208 3317 322 3390 ΡθΙθΡῐ,
336 3334 418 3375 cursu
431 3319 632 3392 Hippomenes,
645 3322 770 3395 luotaque
782 3325 928 3395 Achelous,
983 3324 1024 3382 Ne
1036 3324 1156 3382 lacerent
1169 3325 1212 3383 rel
1223 3324 1303 3382 rerba
1315 3339 1433 3389 moram;
1454 3324 1570 3383 Felicitel

136 3409 239 3467 AEueas
255 3409 348 3477 bellis.
364 3420 500 3483 spectatus
513 3411 637 3485 Gorgone
648 3414 772 3474 Perseus.
985 3417 1079 3474 lluoite
1090 3417 1253 3483 concordes,
1273 3417 1328 3473 sius
1341 3416 1409 3479 uati.
1422 3415 1530 3487 situque
1541 3430 1570 3473 et

136 3502 192 3560 Nee
204 3503 292 3561 retiner
306 3504 364 3561 bate
376 3506 497 3576 speeies,
512 3507 590 3564 toties
602 3509 644 3565 oui
657 3507 778 3581 iuppiter
789 3519 863 3570 esset
982 3509 1082 3568 Cernat
1094 3520 1122 3568 et
1134 3509 1162 3566 iu
1176 3522 1279 3580 proauo
1293 3508 1401 3565 sibimet
1414 3505 1485 3578 quod
1500 3520 1569 3578 prou

137 3606 149 3636 ⁶
165 3596 258 3664 Delia,
274 3606 382 3667 taurus,
396 3598 466 3669 olor,
479 3607 602 3671 satyrus,
616 3600 714 3671 draco,
728 3603 829 3662 lulmen
841 3615 870 3663 et
881 3623 928 3664 au-
1272 3622 1414 3681 capham
1432 3620 1489 3678 xll.

809 3696 890 3770 [⁰¹⁰¹-
981 3720 1047 3778 inn
1064 3736 1093 3777 r.
1112 3736 1138 3777 e.
1158 3733 1336 3784 carununutr,
1355 3731 1424 3780 quon
1441 3730 1564 3773 renem

135 3777 224 3846 Quare
233 3792 293 3849 age,
304 3780 469 3852 jungantur3
485 3799 546 3840 nam
561 3798 670 3852 census,
682 3786 778 3857 lorma,
789 3804 927 3863 genusque
994 3806 1169 3850 onmunonuu
1189 3804 1386 3845 nerruatauruu
1405 3801 1534 3843 senneser
1551 3801 1570 3842 rt

134 3869 319 3938 Conrcuiunt;
340 3872 377 3928 nil
391 3873 435 3929 hio
448 3873 540 3946 dispar
553 3884 598 3932 luc
611 3877 669 3933 lixit
680 3877 793 3936 arundo.
1012 3884 1082 3955 Quid
1096 3899 1151 3952 me,
1167 3891 1195 3939 et
1208 3880 1232 3937 si
1244 3880 1358 3946 valeam,
1370 3893 1467 3950 parare
1480 3892 1570 3936 certus

133 3959 187 4016 Sed
201 3960 265 4033 quid
279 3969 340 4018 rota
354 3964 465 4020 mororl
485 3965 566 4034 Dixit,
579 3982 743 4039 currumque
756 3973 888 4044 poposcit,
977 3975 1206 4035 Fescenninicolae
1214 3973 1294 4044 jubes
1308 3972 1417 4037 llioues.

132 4054 181 4109 Cui
194 4053 326 4110 dederant
337 4057 463 4128 crystalla
474 4057 580 4131 jugum,
593 4077 654 4132 quae
666 4062 765 4133 lrigore
779 4066 867 4135 primo
978 4072 1052 4126 luter
1061 4068 1208 4138 crinigeras
1219 4066 1299 4121 situm
1315 4075 1446 4130 cateruas,

131 4149 211 4207 Orbis
225 4149 312 4207 adbuc
327 4152 423 4221 teneri,
439 4154 537 4224 glacies
550 4157 596 4211 uhi
608 4155 746 4213 Caucason
761 4167 850 4230 auget,
978 4162 1012 4219 Et
1024 4160 1183 4218 Germanica
1198 4157 1278 4213 rerba
1291 4155 1479 4225 sustinentem,

130 4241 244 4299 Strinxit
256 4243 437 4316 Hyperboreis
449 4244 587 4302 Tanaitica
598 4257 688 4305 crusta
701 4247 815 4320 pruinis,
977 4251 1141 4308 Laudantem
1156 4246 1253 4304 tetrico
1264 4244 1379 4301 subinde
1392 4245 1478 4313 uultu,

129 4332 257 4392 Naturam
272 4351 381 4393 sumens
392 4352 515 4408 gemmas,
531 4342 593 4409 qula
604 4340 721 4410 perdidit
734 4343 824 4401 undae.
975 4344 1057 4415 369
1070 4340 1147 4410 Quod
1161 4337 1313 4408 Burgundio
1325 4344 1416 4392 cantat
1428 4335 1570 4393 esculento

129 4422 253 4482 Perierat
266 4427 335 4485 bane
349 4427 423 4485 latro
435 4427 566 4487 lurmslus
579 4440 651 4488 terno
663 4432 772 4491 meullo
787 4451 795 4491 ε
974 4435 1119 4491 lulnndeus
1130 4431 1207 4490 acido
1220 4445 1324 4488 sornam
1339 4427 1453 4501 butyrol

128 4512 238 4572 iliserat
250 4516 302 4576 boe
314 4519 421 4589 llurius,
436 4520 513 4593 euius
525 4522 577 4582 sub
589 4524 693 4596 gurgite
706 4525 839 4599 Nympho
932 4525 959 4586 D
974 4528 1018 4585 ilis
1033 4527 1121 4584 dicam
1134 4525 1182 4582 tibi
1195 4522 1258 4595 quid
1274 4536 1368 4594 poema
1381 4518 1505 4590 lrangatl

163 4716 258 4774 ·1tnas
279 4717 382 4787 priores
395 4721 423 4776 in
444 4733 541 4797 goryto
562 4724 701 4796 corripuit,
716 4737 815 4798 preter
832 4731 915 4800 elpmi
972 4726 1155 4798 epigramma:

127 4789 267 4878 rationem.
288 4788 354 4844 Nam
375 4800 486 4874 goryltls
506 4804 548 4849 est
571 4800 698 4870 γωρυτὸς,
714 4799 820 4881 proprie
842 4802 915 4865 τόξου
1075 4819 1136 4877 zm,
1148 4812 1249 4876 2de,
1262 4813 1501 4899 ταῦρος,σὰτυγος,
1516 4808 1570 4885 xpi

127 4861 199 4940 iem,
214 4865 244 4914 ut
256 4859 563 4949 pharetrausagutarum,
575 4880 667 4935 sagina
686 4878 766 4924 scuto
783 4869 915 4926 ilumerus
1111 4885 1204 4948 Λήδης,
1219 4886 1255 4939 nst
1273 4888 1342 4946 ὡπης
1370 4884 1514 4949 ’tortorum
1529 4893 1570 4936 san

126 4926 564 5017 iinadaptdmuroroqoumirspu
581 4936 912 5009 ermilicpruphurettu,
1220 4907 1270 5008 ,p
1327 4923 1355 5006 .’
1411 4992 1418 5005 .

127 5006 157 5053 ut
169 4998 239 5066 apud
255 4997 370 5056 Statium
381 5015 389 5054 :
400 4957 547 5059 Coebstssus
559 4956 647 5076 depes
664 5018 784 5080 perurunt
796 5010 869 5076 teliu
887 5023 915 5067 et
1006 4995 1111 5072 ΙΨ
1128 4995 1293 5077 C³¹¹¹¹¹¹'¹¹!¹¹¹
1308 5009 1395 5076 *imm
1411 4993 1570 5074 ''mum’'

126 5067 153 5123 in
167 5065 279 5148 crossia,
294 5079 399 5140 purgem
409 5071 541 5143 pgiopgg„
967 5069 1021 5126 sibi
1034 5069 1193 5125 lamiliarem
1208 5065 1277 5149 dixit
1295 5063 1408 5145 epistola
1430 5063 1475 5130 ll,
1498 5059 1570 5117 ioht

160 5136 270 5193 ilaris.
287 5141 421 5207 iberiam,
445 5144 548 5212 lnquit,
565 5145 673 5204 lielenoe
687 5150 849 5219 pretulisset
864 5150 914 5205 l’a-
968 5148 1046 5208 gatus
1058 5148 1088 5195 ¹1¹
1102 5136 1303 5209 epithalamium
1315 5135 1456 5202 willemi
1469 5138 1570 5203 illim

110 5207 179 5274 'ris;
192 5208 454 5281 istarttquesibi,sio
474 5216 511 5270 tio
524 5214 603 5283 loret,
614 5234 629 5270 a
642 5233 686 5275 me
695 5218 753 5275 dari
766 5221 913 5278 maluisset.
966 5210 1172 5282 Burgundiones
1186 5247 1194 5273 ,
1219 5222 1280 5263 eunt
1304 5204 1402 5273 quibus
1425 5204 1569 5259 rersahstu

161 5279 280 5352 chiam,
290 5280 351 5338 siue
365 5290 395 5337 ut
407 5282 435 5339 iu
448 5229 561 5343 ssolemii
572 5287 893 5362 solemnissimum
906 5308 912 5346 :
966 5282 1113 5350 crillissewl
1125 5285 1226 5341 l⁰⁰²¹r
1242 5284 1272 5333 ¹¹¹
1292 5276 1410 5342 lellllws
1423 5273 1570 5330 Germ&

169 5391 273 5458 sune
283 5391 403 5445 soron
413 5393 502 5446 tomas
512 5400 750 5463 nostrumne
760 5408 852 5453 onere
966 5350 1570 5490 llllllllllllllillillllllilillil

169 5453 913 5576 {gemmfflrfflfflrmflssih¹⁴⁰⁶⁸¹¹hcl¹¹⁰⁵¹¹f⁸mr
965 5491 993 5545 in
1005 5491 1175 5564 llisopngotre
1186 5486 1358 5557 x'usmrrlpm
1369 5489 1520 5558 metuerem
1527 5486 1570 5542 ὑπ”

217 5530 288 5580 pens,
345 5557 353 5581 ‚
460 5533 506 5583 ,γ
568 5534 707 5587 ,terrena
719 5527 772 5575 sole
790 5532 825 5577 at.
966 5562 1069 5639 3ng
1086 5560 1165 5636 ἄγγη,
1178 5559 1240 5631 pst„
1258 5559 1322 5623 λέξιι
1344 5559 1503 5629 πεποιημένα
1516 5576 1570 5630 nep

124 5619 183 5683 Otto
196 5636 228 5676 ex
254 5623 312 5679 loeo
335 5633 407 5694 patet
419 5641 536 5697 quonam
556 5626 600 5683 hie
622 5626 719 5684 referri
742 5630 785 5684 sin
805 5630 849 5684 ula
863 5629 911 5684 de·
965 5634 1086 5705 κλαγγαῖς
1099 5640 1149 5687 τῶν
1165 5631 1254 5700 τραχὺ
1267 5629 1383 5700 βοώντων
1403 5629 1501 5706 ipsiius
1515 5628 1570 5701 erp

123 5688 223 5760 munt,
247 5704 344 5764 praeter
355 5697 491 5770 Salqrum,
504 5698 550 5771 qui
569 5697 604 5756 ad
616 5697 771 5771 saumuro.
786 5645 912 5759 Crocum
965 5703 1170 5781 rippampimor
1181 5702 1205 5756 ir
1220 5700 1317 5773 pheor.
