3788 6120
105 403 188 462 ecclia
201 418 263 464 cum
273 404 350 463 dnoir
363 405 467 478 Pelasgi

107 498 432 571 rabidosriragotauros‚

115 591 220 658 territa,
230 605 290 647 cum
305 590 500 658 suttscolonut.

105 685 145 742 uit
156 683 252 741 tlomiti
262 693 337 738 satos
348 681 475 748 molares.

114 774 306 833 tremebundus
319 773 389 830 luter
400 772 508 839 inertas,

105 879 255 938 naegetem
270 873 393 935 stuperet
405 863 513 921 hostem
627 886 629 891 ·

105 955 196 1015 atibus
209 957 272 1014 hinc
285 965 314 1014 et
328 956 390 1015 bine
405 956 513 1025 aristis,

105 1047 211 1121 iiiioras
221 1046 331 1105 madere
344 1046 448 1116 glebas.

105 1136 204 1196 triritli
217 1151 313 1194 cruore
327 1134 434 1193 iratres.

105 1230 125 1287 e
138 1230 299 1299 terrigenam
313 1226 406 1296 loquar
416 1224 568 1294 cohortem,

113 1335 192 1392 mage
202 1319 318 1376 vividam
331 1332 447 1385 renem,

105 1427 135 1470 er
145 1412 264 1484 speciem
279 1410 360 1467 modo
373 1418 522 1478 carentem,

105 1503 251 1576 torporibus
266 1502 441 1559 voluminosis

105 1607 261 1666 emnamea
274 1607 354 1649 crura
369 1591 547 1664 porrigentes,

105 1686 125 1743 la
137 1684 216 1743 lauee
226 1684 396 1740 desinebant.

105 1790 149 1832 nar
162 1775 275 1847 triplicis
287 1774 535 1846 precatiunculas,

105 1867 185 1941 tpede
199 1877 338 1939 proterens
351 1867 454 1935 coraci,

114 1961 233 2033 capitum
245 1960 375 2034 stupenda
387 1975 499 2033 gressu;

105 2052 203 2110 tassice
216 2053 354 2109 numinum
365 2051 508 2121 sonabam,

105 2160 131 2203 ta
145 2147 259 2203 tonitrus
271 2144 427 2203 resibilante

105 2251 219 2309 superos
231 2220 307 2294 ciere'
314 2237 416 2307 planta.

105 2342 154 2400 yrar
165 2327 232 2400 legis
246 2327 373 2398 ampliata
384 2340 459 2394 rura,

105 2431 118 2473 ι
133 2417 247 2474 volitant
259 2432 308 2488 per
320 2426 393 2472 astra
404 2424 520 2486 moriter,

105 2506 197 2575 lelion,
210 2506 289 2576 essa,
305 2507 446 2578 Olympus.
461 2504 565 2574 othris,

105 2598 136 2665 is,
149 2597 283 2671 gregibus,
295 2596 372 2666 lctis,
384 2597 499 2669 pruinis,

105 2689 199 2758 atibus,
210 2687 326 2759 oppidis,
340 2685 421 2745 letati

105 2794 138 2837 tut
152 2779 312 2851 spatiosiore
325 2779 431 2839 dextre.

105 2871 147 2928 hic
159 2871 282 2929 Herculis
291 2872 411 2928 excolam
428 2869 545 2938 iabores,

105 2976 186 3031 tetta,
203 2964 258 3031 leo,
272 2963 358 3036 gigas,
369 2964 498 3030 Amazon,

105 3068 199 3126 aurus,
216 3055 298 3127 Eryx,
313 3070 386 3122 ares,
398 3053 497 3126 Lycus,
513 3051 566 3120 ιιι,

105 3145 242 3219 ibs,iuga,
258 3162 348 3218 poma,
363 3148 448 3217 uirgo,
462 3160 583 3218 serpens,

105 3252 172 3295 taces
182 3240 253 3310 equi,
271 3239 355 3295 boves
367 3239 462 3309 iberae,

105 3331 212 3403 Tutius,
232 3334 458 3403 canicularem,

105 3438 144 3495 pre
156 3424 233 3496 polus
247 3425 338 3495 polum
348 3423 489 3482 dedorunt.

105 3514 202 3572 cElida
217 3515 333 3572 nobilem
348 3515 502 3586 quadrigis,

105 3604 251 3663 lamminus
261 3606 347 3661 amnis
361 3620 394 3663 et
409 3619 503 3663 amore

105 3710 224 3770 raequar,
240 3707 269 3754 ut
280 3714 328 3769 per
339 3698 391 3754 lma
406 3699 480 3769 ponti

104 3790 168 3859 luat,
184 3798 263 3858 atque
277 3789 454 3845 transmarina

113 3881 191 3939 eadat
204 3881 275 3937 unda
290 3881 455 3952 coniugales.

105 3988 111 4029 ι
123 3972 279 4031 Tantaleam
291 3974 400 4029 domum
415 3982 545 4040 retexam,

105 4077 144 4120 um
157 4063 271 4135 Pelopea
286 4079 334 4133 per
349 4072 487 4134 parentem
502 4071 546 4130 est

107 4162 133 4211 la
145 4168 233 4222 seror,
251 4169 375 4225 notoque
386 4163 506 4212 monstro

106 4245 201 4318 gemuit
214 4257 290 4317 pater
305 4255 441 4318 nepotem.

724 296 890 358 GAitlilliri.

780 408 915 472 alivum
930 409 1090 482 pignoribus
1101 411 1155 471 luit
1167 415 1320 485 sepulcmm
1335 431 1344 472 r

817 499 886 556 (ium
901 509 962 572 post
975 501 1026 558 bas
1036 503 1130 575 epulas
1139 513 1251 576 repente
1261 504 1338 567 heria

816 589 894 646 Titan
909 592 1031 650 curribus
1043 594 1170 652 occidens
1181 596 1215 653 ad
1229 603 1331 668 ortum,

815 679 962 738 consitam
975 681 1088 754 lugeret,
1103 685 1175 743 diem
1185 685 1299 758 lugeret.

850 772 905 830 Nec
917 773 1007 847 Phryx
1019 786 1110 846 pastor
1121 765 1173 834 erit
1186 778 1234 835 ilbi
1248 776 1387 851 legendus,

818 862 983 922 becreseens
997 867 1040 923 cui
1055 867 1204 941 Dindymon
1214 870 1302 928 reciso

815 955 912 1012 Fertur
923 957 1025 1016 vertice
1039 961 1157 1018 eruisse
1167 960 1302 1030 classema

815 1047 881 1102 Cum
893 1049 973 1118 justu
985 1049 1100 1107 Veneris
1114 1053 1305 1123 patrocinantis

815 1139 914 1196 Terras
926 1140 1060 1212 Oebalias,
1077 1152 1105 1200 et
1120 1144 1267 1217 hospitales

816 1228 916 1298 itaptor
930 1230 1107 1303 depopulatus
1121 1243 1162 1291 est
1171 1233 1307 1306 Amyclas,

815 1319 936 1376 bradam
951 1330 1024 1378 trans
1037 1322 1147 1394 pelagus
1160 1333 1254 1395 petens
1266 1339 1418 1397 sequacem.

814 1409 866 1464 Sed
880 1425 930 1467 nec
945 1412 1085 1484 Pergama,
1101 1429 1150 1471 nec
1162 1414 1284 1472 decenne
1298 1415 1410 1478 bellum.

813 1498 868 1556 Nec
877 1515 964 1557 aceras
973 1503 1182 1575 Agamemnonis
1194 1504 1339 1578 phalangas
1355 1523 1362 1562 ;

812 1590 867 1647 Nec
881 1593 995 1664 periuria
1011 1610 1159 1666 persequar
1172 1597 1291 1667 sinonis,

812 1684 867 1740 Arx
883 1701 936 1757 quo
948 1687 1068 1744 Palladio
1081 1674 1167 1745 dicata
1180 1689 1268 1763 signo,

776 1770 802 1834 B
815 1774 915 1833 Pellaei
929 1789 1045 1834 reserata
1060 1781 1210 1852 proditore,

813 1864 967 1924 Portantem
983 1869 1086 1938 pedites
1096 1872 1194 1941 equum
1207 1873 1320 1945 recepit.

847 1958 906 2015 Non
920 1960 963 2016 bio
977 1959 1095 2018 liaeomae
1108 1962 1180 2035 stylo
1192 1977 1322 2036 camena,

800 2048 911 2109 ‘icitia
925 2053 1092 2127 Dulichiique
1105 2054 1282 2129 Thessalique

812 2144 945 2203 uirtutem
959 2147 1162 2219 sapentiamque
1172 2163 1263 2208 narro.

811 2236 931 2305 Quorum
943 2237 987 2295 bic
1000 2238 1107 2296 Peliaco
1121 2233 1230 2311 putator
1240 2249 1330 2309 antro,

811 2329 925 2397 venatu,
939 2329 1048 2400 lilibus,
1062 2331 1188 2402 palestra
1202 2340 1232 2388 et
1244 2331 1347 2402 herbis,

811 2417 867 2476 Sub
881 2420 1058 2494 saturnigena
1073 2436 1139 2480 sene
1152 2422 1299 2481 institutus.

811 2511 879 2567 burn
894 2528 966 2570 nunc
979 2512 1065 2570 lustra
1080 2523 1170 2572 tereus
1185 2530 1251 2586 puer
1264 2514 1393 2584 letarum,

810 2601 915 2659 Passim
929 2617 977 2674 per
991 2603 1111 2660 Pholoen
1119 2605 1193 2674 y'acet
1203 2605 1336 2676 nivosam,

808 2694 884 2751 Nunc
898 2696 1063 2769 praesepibus
1074 2697 1208 2755 accubans
1221 2697 1327 2764 amatis,

808 2785 913 2842 Dormit
926 2785 1033 2843 mollius
1048 2787 1074 2843 ln
1087 2787 1153 2858 iuba
1167 2787 1297 2859 magistri.

809 2877 891 2950 356
902 2876 967 2934 lnda
980 2875 1138 2950 Scyriadum
1149 2877 1228 2934 datus
1240 2876 1358 2947 parenti,

808 2967 896 3024 Talem
906 2966 1014 3024 nomina
1025 2967 1168 3038 pertulisse
1182 2966 1304 3036 Pyrrhae,

809 3061 896 3132 Atque
915 3059 987 3117 inter
999 3060 1102 3117 tetricae
1116 3059 1215 3117 choros
1226 3059 1364 3120 lstnertae.

768 3131 792 3201 G
811 3151 938 3210 Occultos
953 3151 1049 3210 teneri
1063 3161 1167 3209 rotasse
1180 3151 1299 3224 thyrsos.

808 3243 951 3301 Postremo
962 3243 997 3300 ad
1008 3242 1134 3316 Phrygias
1147 3257 1245 3306 sonum
1257 3243 1358 3313 rapina.

806 3334 920 3392 Tractus
933 3334 1056 3392 laudibus
1071 3334 1195 3392 liecioris
1207 3332 1340 3391 trahendi.

844 3428 894 3484 Ast
908 3426 993 3494 illum,
1008 3427 1051 3482 cui
1063 3426 1175 3497 contigit
1188 3433 1327 3495 paternam

806 3517 937 3586 Quartum
949 3523 1012 3588 post
1022 3514 1140 3573 ithacam
1153 3515 1241 3572 redire
1252 3515 1380 3582 lustrum,

809 3607 866 3664 lt'ec
876 3608 1000 3681 Smyrnae
1014 3606 1080 3663 satis
1089 3605 1206 3678 explicat
1218 3605 1355 3661 volumen.

807 3700 874 3758 Nam
888 3701 948 3772 quis
961 3699 1119 3758 continuare
1132 3699 1219 3771 possit
1230 3697 1293 3755 illos

806 3793 878 3862 Quos
888 3799 961 3849 terra
973 3801 1002 3851 et
1014 3791 1109 3865 pelage
1119 3791 1178 3847 tulit
1190 3790 1316 3848 labetesl

806 3883 922 3955 Raptum
935 3882 1095 3948 Palladium,
1110 3893 1249 3954 repertum
1262 3880 1408 3949 Achillem,

804 3972 919 4046 Captum
934 3972 1097 4046 praepetibus
1113 3973 1215 4030 belona
1230 3972 1338 4046 plantis,

804 4064 840 4121 Et
849 4065 943 4121 lthoesi
955 4064 1048 4122 niteas
1062 4065 1137 4136 prius
1151 4063 1303 4135 quadrigas.

804 4154 904 4211 Xanthi
919 4169 1000 4226 qmm
1011 4154 1133 4212 biberent
1147 4154 1257 4221 fluenta,
1271 4153 1390 4213 tractati

804 4247 932 4316 Ereptum
946 4261 1054 4319 quoque
1067 4261 1147 4319 quem
1162 4245 1229 4304 deus
1244 4254 1383 4317 pausans,

105 4337 133 4394 lii
149 4349 274 4394 muretum
289 4338 334 4393 hic
345 4338 466 4404 canitur;
480 4351 531 4401 nec
545 4337 709 4396 esculentam
803 4337 965 4423 Philocteta,
977 4338 1023 4395 tibi
1035 4339 1111 4398 dedit
1122 4336 1296 4410 pharetrami

105 4430 206 4502 agimus
219 4429 252 4484 ad
265 4429 360 4499 dapem
374 4429 512 4500 Thyestae,
807 4429 916 4499 Aiacem
931 4429 1117 4487 Telamonium
1128 4429 1275 4495 iurantem,

105 4521 192 4578 imina
201 4521 248 4592 qui
262 4519 344 4576 miser
356 4522 457 4576 roratis
764 4502 792 4565 D
806 4521 885 4590 Quod
895 4529 1029 4580 cessante
1042 4533 1114 4580 rates
1127 4531 1224 4595 agente
1234 4532 1342 4576 causam

105 4699 130 4747 a.
140 4683 164 4741 si
176 4700 232 4741 rem
245 4693 363 4767 spectas,
377 4683 528 4755 gigantibus
539 4681 652 4753 duplam
668 4681 691 4738 si
701 4697 751 4740 nu·
806 4685 922 4741 luctator
933 4681 1030 4766 lluyiur
1043 4679 1178 4738 Achelous
1193 4677 1320 4762 :reliqm
1332 4683 1396 4761 sunt
1408 4674 1535 4760 notiora..

105 4755 189 4825 rlplex
205 4771 285 4827 :qum
297 4757 367 4837 pube
379 4765 456 4811 tenue
468 4755 590 4838 immines
600 4762 688 4822 erant,
700 4768 752 4810 ce·
839 4765 856 4839 ξ
871 4755 898 4810 ld
911 4761 1012 4837 rectius
1023 4764 1102 4834 quam
1121 4748 1193 4823 quod
1206 4765 1233 4804 m
1248 4748 1373 4819 uulgatus,
1398 4758 1484 4803 notem
1502 4745 1596 4830 ‘naaria

105 4832 199 4893 entem
223 4826 272 4881 sed
294 4841 416 4894 gemmus
436 4840 536 4897 orrrqne
559 4837 672 4905 serpens
703 4841 752 4893 pro
805 4825 909 4882 liltdem
928 4828 1321 4904 arthonmruusnctamesse
1339 4833 1372 4874 er
1397 4816 1595 4901 [abuterent—

105 4894 196 4979 cdum.
215 4897 391 4979 'ilinciormm
412 4895 610 4980 triplicisdlcti
625 4893 749 4964 Sidonio,
805 4896 905 4966 pneim
917 4893 1058 4950 Arethusae
1071 4890 1207 4975 amoribus
1222 4904 1301 4960 quam
1312 4904 1344 4972 er
1355 4887 1594 5013 ¹⁰d¹⁸9¹5¹¹ffi¹⁰h¹⁸·

105 4964 441 5108 dubitabili
456 4964 751 5108 aliialiiiiltl
803 4957 1596 5119 illitterati,iitliiiliiaiiniti

105 5107 201 5190 edibus
212 5109 393 5189 etatttplettia
409 5111 436 5163 ln
448 5107 552 5178 relique
565 5121 691 5176 corpure.
802 5124 856 5163 nuru
868 5106 977 5191 Eitacae,
988 5112 1018 5188 til
1030 5125 1050 5188 ιι
1069 5106 1150 5166 &cuc
1160 5109 1210 5159 τῶν
1221 5101 1365 5184 ’σολυμπιωι
1379 5119 1533 5174 merucesc,
1548 5097 1596 5158 sed

105 5177 149 5233 tlrs
168 5178 272 5237 iabores
287 5192 397 5233 vicenos
419 5189 510 5234 tertios
531 5186 681 5243 enumerat,
701 5191 751 5234 nec
803 5179 940 5233 Arcadtcae
966 5124 1067 5258 tributi
1085 5171 1257 5246 mythologice
1281 5187 1289 5228 ε
1309 5185 1342 5227 eo
1366 5170 1437 5239 quod
1462 5169 1594 5251 Alpheus,

108 5248 229 5332 carmine
243 5248 286 5303 te.
300 5248 366 5304 llam
382 5250 416 5305 te
430 5249 475 5316 qul
488 5248 668 5330 celebraretur,
681 5262 751 5317 prm·
807 5249 888 5326 130
900 5249 962 5305 licet
980 5245 1057 5328 tilido
1071 5242 1243 5366 yrrutetlitaqt,
1259 5240 1347 5298 lerttes
1360 5249 1450 5296 tamen
1461 5252 1596 5310 primum·

105 5317 411 5467 ιιιιιιιιι
429 5319 748 5455 tubianaei
803 5334 858 5471 ιι
868 5313 1269 5469 placitantium
1283 5380 1396 5464 ιιι,
1416 5384 1490 5450 ,ιι
1507 5374 1594 5458 nr,

105 5459 325 5522 willehelmo
345 5461 403 5516 looo
419 5462 450 5516 ll
469 5471 571 5515 tautum
586 5472 752 5514 commemo-
804 5458 917 5523 delibat,
932 5473 982 5514 nec
1004 5456 1076 5513 aliud
1096 5453 1203 5525 atttngit
1224 5468 1303 5526 quam
1327 5466 1386 5532 cyus
1405 5449 1455 5506 rub
1478 5444 1596 5529 Chrrone

105 5532 246 5588 etubulo
279 5532 456 5598 raetermisso,
471 5529 541 5601 quod
564 5529 650 5599 ipsum
669 5529 751 5585 etiam
804 5531 938 5586 Centamo
950 5527 1147 5591 educationem,
1161 5533 1189 5581 et
1200 5525 1329 5580 latentem
1345 5529 1414 5576 mter
1433 5517 1596 5590 hyoomedts

125 5603 236 5659 robasse
269 5604 347 5657 icitur
363 5601 540 5674 Eurystheum
555 5603 619 5676 rripr
687 5613 752 5655 rere
804 5598 873 5657 illias
889 5613 1003 5665 moram,
1013 5596 1219 5727 flumuyriiier
1235 5596 1259 5648 ir
1274 5593 1359 5673 Σκύρῳ
1373 5590 1542 5718 rosteram:
1556 5588 1597 5643 di,

174 5673 249 5755 gigas
262 5681 303 5727 est
318 5671 501 5745 llalcyoneus,
526 5672 624 5754 hospes
660 5669 751 5754 urinis,
805 5679 848 5725 cta
861 5669 989 5725 buciaco.
1038 5668 1118 5740 lyssis
1139 5673 1235 5721 conam
1257 5661 1397 5719 historiam
1421 5675 1468 5719 ore
1487 5660 1595 5743 unlner-

105 5756 159 5813 cus,
177 5758 241 5817 yugu
257 5743 339 5814 calpe
359 5749 388 5800 et
408 5741 505 5817 Abyia,
525 5756 601 5814 rrrgo
622 5742 751 5824 lleatette,
805 5755 877 5825 aaut,
895 5746 953 5808 ιιιιι
965 5738 1107 5800 bellttum
1128 5739 1398 5803 antemnatesmte
1414 5741 1595 5806 pemequttun
