3788 6120
75 268 144 324 tunt
343 273 388 328 nt)
407 272 535 331 Lllllillbl
556 273 599 330 DE
617 254 864 332 mutuiouttstts
883 274 1160 334 socluslnsstcls
1178 276 1443 341 PHHLHGOHEHA.
1646 290 1718 350 illst

73 383 170 438 sssederi
183 381 330 442 Gennadio.
351 385 403 441 Hic
417 386 543 443 Ctesorius
559 389 659 458 primus
673 387 822 459 subscripsit
843 388 869 442 in
883 393 910 452 Α
922 391 1029 445 deutur.
1053 386 1187 444 Honorius
1211 402 1278 448 terte
1304 396 1348 460 qui
1370 397 1456 452 rolens
1485 399 1573 470 utipue
1594 403 1719 460 neminem

48 533 50 535 ‚
72 475 185 530 seeundo
199 477 307 531 coneilio
321 479 494 544 Arousieooo,
514 487 538 534 el
559 480 589 548 pil
608 479 649 533 ltic
664 480 759 534 ntentio
775 479 872 536 Felicis
922 478 1039 533 omisisse
1053 479 1152 533 uidetur
1168 481 1281 551 (utpote
1303 500 1362 539 cum
1381 488 1460 541 etiom
1475 488 1630 561 Dionysium
1642 493 1720 550 streo-

73 586 150 640 pupte
167 571 246 625 tertii.
261 570 333 626 Licet
353 574 439 627 antem
462 572 612 628 Gennadius
635 573 663 626 irs
686 570 812 642 Cassiope
828 587 871 626 re·
925 573 1036 644 papitoru
1048 571 1733 657 llieronpmoconsere-anterit,qutminlictalopoopstd¹

72 672 176 716 reuseol
191 663 218 716 in
232 660 365 729 Pomerio,
390 662 538 718 Ponteriom
552 665 683 733 disputare
703 664 736 720 de
752 660 873 733 oripirsoli
923 662 1009 731 ipsum
1023 662 1207 735 Hieronymum
1229 668 1329 723 codices
1343 685 1428 724 onmes
1441 672 1605 743 desiderunt)
1619 676 1721 731 Atitnm

71 765 176 820 peceato
190 795 198 821 ,
223 771 274 810 non
288 765 372 810 tomen
387 758 518 828 putandus
531 764 568 812 esi
588 755 738 816 Gennadius
758 757 804 810 lsot
821 773 873 825 ap·
924 769 982 825 esp.
993 754 1040 818 li,
1051 765 1074 809 et
1084 755 1228 811 Pomerium
1239 774 1297 826 cop.
1308 760 1353 824 98,
1366 771 1391 814 et
1405 761 1566 818 Honoratum
1575 763 1721 822 tlosssliena

69 848 190 915 probare.
213 846 266 901 Hie
290 850 356 902 enim
372 847 508 903 Pomerius
527 848 678 919 (seeundum
698 845 829 900 isidorum
842 850 871 899 iss
923 860 986 910 sem,
994 861 1051 915 cap.
1060 845 1094 903 99
1108 849 1136 900 in
1147 847 1272 902 Gennadii
1287 847 1410 923 Gotolopo
1422 853 1542 921 positum,
1555 871 1602 924 pro
1617 854 1719 911 Genuu-

69 937 196 1007 Cotalopo
209 955 266 1008 cop.
283 938 329 1009 li)
347 941 394 993 sin
408 941 518 995 serundo
532 943 572 993 sui
587 940 671 1010 operis
687 940 753 994 libro
766 937 869 992 Tertul·
919 937 1005 992 dionis
1018 956 1068 993 non
1082 940 1275 1010 opnosett.Hue
1288 945 1386 998 accedit
1400 948 1468 1016 quod
1481 947 1507 1000 io
1522 951 1580 1002 eod.
1590 965 1637 1003 ms.
1646 948 1718 1017 blor-

68 1028 134 1083 lioni
156 1030 286 1087 erroribus
308 1033 487 1099 consentiens,
508 1032 623 1086 orslrnom
644 1043 794 1102 corpoream
815 1046 869 1086 esse
919 1032 1017 1087 liniano
1031 1034 1094 1088 sotis
1107 1034 1216 1100 recenti,
1233 1045 1260 1089 ut
1277 1038 1454 1108 viduumque
1473 1055 1519 1092 nos
1532 1042 1598 1094 isster
1611 1052 1717 1097 eeteros

67 1118 155 1185 dixit,
177 1121 328 1190 quibusdum
350 1122 489 1194 fallacibus
508 1126 665 1192 orpumentis
685 1125 733 1177 ltoc
754 1133 870 1177 ostruere
918 1123 959 1175 usi
976 1139 1075 1190 surtttss,
1091 1124 1159 1178 lrutre
1181 1127 1327 1197 proloprtrn,
1348 1144 1422 1197 quem
1441 1130 1550 1196 proinde
1564 1131 1599 1183 nd
1613 1130 1715 1186 uerbum

67 1213 254 1268 contendens.»
273 1212 337 1266 lloec
351 1211 480 1269 lsitlorus.
500 1214 606 1270 Certum
621 1229 657 1270 est
677 1215 725 1269 ltoe
747 1231 799 1268 nrm
821 1231 869 1285 op-
917 1213 960 1268 ltie
971 1215 1097 1287 snbp's'oere
1109 1217 1216 1286 placuit,
1230 1209 1544 1291 Gmnotto'proposttsm
1555 1224 1715 1292 reperinrusg

65 1301 188 1370 probosse
202 1301 375 1359 Gennadium.
391 1303 456 1359 Hoee
470 1304 516 1360 ille
535 1321 545 1360 .·
554 1306 648 1378 quibus
661 1316 685 1361 et
699 1307 780 1361 nostri
793 1304 864 1359 rodi·
916 1305 962 1374 qui
985 1306 1072 1375 utique
1090 1323 1148 1360 cum
1167 1308 1202 1361 od
1221 1306 1383 1364 Gennadium
1404 1310 1470 1365 niltil
1493 1312 1588 1383 locist,
1610 1315 1715 1368 metelle

66 1405 110 1445 ces
123 1408 186 1447 mss.
203 1393 318 1464 plerique
338 1394 524 1468 suffragantur,
540 1407 567 1453 ul
582 1399 637 1452 suis
649 1396 713 1452 loeis
726 1395 868 1451 indicaturi
916 1396 1001 1464 pretio
1015 1397 1039 1450 ei
1053 1397 1156 1452 additus
1169 1399 1249 1452 rideri
1271 1399 1363 1467 debet,
1387 1410 1416 1455 ut
1435 1401 1567 1457 sinistrum
1587 1402 1714 1459 Gennadii

64 1499 167 1541 sumus.
185 1484 239 1539 Nee
253 1497 292 1542 est
310 1490 393 1542 ullum
414 1491 564 1557 presentior
585 1491 664 1562 ltup'us
680 1490 717 1544 rei
731 1503 869 1560 orpnmrts-
917 1485 950 1541 de
971 1485 1129 1558 Hieronymo
1148 1503 1301 1556 sensurum,
1325 1492 1357 1546 de
1377 1508 1428 1562 pua
1450 1493 1641 1565 supradictum
1660 1498 1711 1559 est,

64 1583 140 1643 tum,
164 1596 242 1651 quom
264 1582 334 1651 quael
357 1583 416 1637 cad.
441 1599 490 1637 ms.
512 1599 562 1653 quo
574 1584 722 1638 relustiores
743 1590 822 1649 sunt,
837 1595 867 1634 eo
918 1591 1065 1647 opportune
1077 1580 1216 1650 snitiporet.
1230 1578 1357 1653 Prolopns
1371 1582 1713 1656 italssbelstHieronpttsus

62 1659 190 1736 pontiore
213 1670 348 1727 Gennadio
366 1673 553 1729 medicamento
571 1673 704 1729 addidisse
722 1672 866 1744 deprelten·
918 1679 1004 1723 naster
1016 1669 1109 1724 litteris
1121 1668 1219 1725 Grtecis
1231 1670 1404 1740 sodalitiis.»
1421 1681 1475 1729 etc.

294 1826 541 1892 EXCEHPTUH
561 1831 619 1893 Ex
640 1827 830 1894 vluotctts
850 1826 999 1889 sunum
1020 1826 1256 1905 GAZAEPPRO
1276 1826 1483 1901 cossinum

102 1963 144 2018 Ne
158 1967 237 2020 lector
250 1972 356 2026 miretur
369 1985 417 2023 nos
428 1975 460 2022 de
480 1969 684 2027 Hassiliensibus
705 1971 790 2027 dicere
810 1985 857 2039 po·
873 1947 1023 2034 Bwll'vlsts
1041 1968 1136 2032 limidi
1147 1984 1189 2021 ⁶⁰⁸
1205 1969 1301 2024 ‘ibiibi
1315 1981 1398 2034 ”⁰⁶⁰l·
1413 1979 1437 2024 θ’
1448 1970 1475 2024 ill
1486 1986 1505 2025 ¹¹
1518 1971 1593 2039 libro,
1604 1986 1653 2044 ‘lii’
1664 1977 1708 2040 Π.

63 2055 145 2109 luisse
157 2056 217 2110 illos
228 2058 290 2110 olim
301 2059 357 2111 sine
368 2068 429 2113 nota
439 2060 595 2128 schismatis,
607 2062 761 2114 outsmionis
773 2061 862 2113 eotlto·
911 2059 944 2109 ob
970 2058 1088 2111 lsoeretico
1110 2060 1233 2127 prosiluit
1242 2069 1357 2125 eximtis
1370 2061 1458 2115 ‘filiii‘
1474 2074 1485 2116 ι’
1500 2080 1511 2114 l
1531 2062 1629 2134 Htw.
1641 2068 1708 2121 enlm

62 2149 121 2203 liete
144 2148 264 2215 ittp'tsrio,
291 2150 325 2202 ob
351 2151 509 2221 dupustiuo,
532 2151 677 2221 Prospero,
702 2149 859 2221 Pulpentio,
911 2143 1051 2216 Polluisti
1074 2155 1145 2212 sunt,
1172 2157 1199 2200 Μ
1221 2149 1342 2202 atonem
1369 2150 1443 2202 “illm
1465 2152 1596 2206 llil'lssllm
1610 2157 1708 2228 peripl-

62 2237 172 2309 aliisque
182 2239 418 2294 rectesenlientibus
427 2241 574 2307 dissentire,
583 2241 665 2297 donee
675 2240 791 2296 Ecclesia
803 2258 858 2295 sess·
911 2253 987 2292 cuom
995 2237 1062 2293 duro
1071 2250 1094 2292 et
1105 2238 1226 2294 lsoereliro
1237 2242 1399 2308 perversitate
1410 2241 1577 2310 contenderem
1589 2245 1635 2300 sed
1642 2245 1707 2317 lroec,

63 2332 170 2386 lentiam
186 2330 343 2400 definitivam
359 2333 569 2403 interposuisset,·
589 2336 655 2388 scint
670 2335 860 2389 drausieanum
911 2332 1041 2397 inquiunt,
1060 2343 1088 2385 ut
1102 2347 1118 2384 o
1134 2331 1186 2385 lieo
1197 2332 1291 2386 dentur
1304 2334 1388 2398 nobis,
1400 2333 1588 2404 pitito-imperat
1600 2339 1707 2405 patein-

66 2422 205 2476 roneilium
225 2423 375 2488 secundum,
397 2423 466 2494 qood
491 2439 523 2478 es
536 2425 667 2480 sententiis
686 2425 825 2496 dupustiui
838 2433 860 2478 et
910 2422 971 2491 cipit
984 2421 1094 2475 anobis.
1111 2439 1120 2472 s
1138 2422 1171 2473 lit
1185 2423 1279 2475 ibidem
1293 2439 1351 2493 cop.
1368 2424 1422 2478 st:
1437 2442 1447 2476 t
1462 2423 1488 2478 H
1492 2440 1521 2478 oe
1533 2424 1629 2480 donum
1640 2428 1706 2499 (plo-

66 2510 193 2582 Prosperi
203 2524 292 2568 eontra
307 2512 528 2588 semipelapianos
541 2524 578 2570 est
599 2517 780 2571 concinnatum
793 2515 859 2570 cele·
909 2513 997 2566 riarsdi
1018 2513 1045 2565 in
1070 2511 1193 2582 Dortrinoi
1219 2510 1368 2585 Pelopionis
1393 2525 1510 2578 optumus
1533 2526 1561 2571 ut
1579 2517 1705 2583 bobertus

63 2601 168 2658 brorum
191 2605 270 2676 {uisse
288 2622 357 2661 onno
371 2607 573 2678 quispentesimo
588 2607 859 2672 uicesimonono,sub
910 2604 966 2659 istis
980 2615 1068 2657 autem
1088 2605 1193 2670 nostris,
1221 2613 1249 2658 ut
1263 2605 1363 2675 plenius
1386 2603 1506 2660 ltoleant.
1530 2605 1590 2661 lilon
1619 2611 1705 2680 itaque

66 2694 153 2751 Helice
167 2695 183 2752 l
191 2697 209 2751 l’
224 2714 308 2769 papo,·
322 2707 347 2751 et
360 2699 427 2753 mole
437 2698 560 2770 conlundi
575 2715 591 2753 o
611 2686 766 2755 multiscium
776 2684 860 2754 drou·
909 2697 989 2751 simus
1004 2697 1030 2751 in
1044 2696 1260 2766 disputationibus
1275 2697 1397 2768 prompti,
1407 2698 1433 2751 in
1444 2698 1602 2752 orationibus
1615 2701 1704 2772 pipti:

62 2791 152 2843 sicano
163 2792 258 2861 primo,
274 2789 343 2858 quod
356 2789 402 2843 sub
418 2789 504 2845 leone
514 2801 630 2845 rosetum
642 2792 703 2862 (uit,
718 2806 764 2845 nec
776 2791 858 2846 edidit
910 2796 1021 2856 oremus,
1035 2786 1317 2849 dilectissimi,oremus
1331 2798 1360 2842 ut
1377 2788 1445 2843 lietu
1456 2787 1572 2859 prolium
1585 2791 1627 2846 det
1650 2793 1703 2846 ini·

62 2897 173 2936 conones
187 2880 220 2936 de
234 2881 298 2949 lide,
314 2885 359 2936 sed
380 2882 412 2936 tle
427 2880 550 2936 Ecclesite
565 2882 689 2937 dunlosot
702 2883 815 2937 moribus
834 2893 859 2939 et
901 2870 982 2933 ‘micis
996 2879 1089 2933 nostris
1105 2878 1273 2952 (Pelagianos
1285 2879 1426 2950 intellipit),
1442 2880 1603 2951 suocimeque
1613 2883 1716 2951 iratri-⁴

63 2972 190 3027 attemps,
213 2972 336 3027 vocem,
360 2981 446 3028 uppem
469 2982 493 3028 ιι
514 2972 655 3041 Pontifices
678 2976 805 3046 usquead
831 2974 858 3029 id
909 2969 956 3024 bus
977 2976 1001 3023 et
1021 2969 1185 3024 dilectoribus
1209 2971 1303 3024 nostris
1330 2968 1483 3040 intelliperr,
1505 2971 1630 3041 eotslitsri,
1646 2982 1704 3043 post

61 3071 162 3130 tempus
184 3061 359 3117 Massilienses
383 3062 438 3135 (qui
465 3073 552 3134 posteo
572 3063 771 3135 Semipelopiani
798 3073 857 3119 sunl
907 3059 1036 3132 inpentem
1049 3069 1072 3115 et
1088 3059 1242 3128 ineffabilem
1252 3061 1429 3131 ruinan1,qua
1442 3062 1468 3115 in
1478 3077 1529 3115 uuo
1540 3078 1625 3118 ornnes
1638 3065 1702 3119 teci·
1788 3062 1793 3070 ’
1852 3051 1856 3064 “

60 3154 658 3227 spprllotiitolerasisselonquomcotltolicoset
668 3157 734 3211 uiros
744 3166 856 3224 sonetos,
908 3153 1000 3212 dimus,
1019 3152 1146 3206 neminem
1160 3151 1217 3204 nisi·
1230 3152 1315 3221 prasio
1331 3151 1377 3204 liei
1388 3151 1492 3207 liberari
1501 3169 1511 3216 ,·
1535 3169 1701 3223 eamquenon

61 3256 86 3302 et
97 3248 121 3302 si
130 3262 216 3302 errore
228 3248 352 3319 peculiari
366 3247 486 3312 irretitos,
497 3248 560 3302 sotis
572 3255 681 3301 eoststot.
697 3247 778 3301 Aliter
790 3248 856 3300 enim
909 3243 1053 3296 secundum
1065 3244 1156 3297 nterito
1170 3253 1292 3309 tanquam
1304 3241 1413 3295 debilem
1429 3241 1514 3306 reddi,
1526 3243 1571 3297 sed
1581 3255 1703 3315 tonpuuns

61 3333 279 3410 multop‘utlicosiit
302 3335 419 3391 Ecclesia
438 3336 487 3392 ltei
498 3336 572 3393 deiis
583 3337 628 3408 qai
640 3336 700 3391 lieet
713 3338 855 3391 absolutam
868 3300 892 3364 c
907 3348 991 3385 uerum
1014 3334 1125 3403 protinus
1151 3334 1229 3388 nullis
1254 3333 1352 3388 meritis
1366 3334 1585 3400 precedentibus,
1601 3338 1669 3395 dori.
1688 3355 1699 3392 s

59 3428 856 3499 predestinationemobdsspnstinoacerrimedesensomnepa·
909 3421 958 3477 ltu
969 3438 1011 3476 eos
1026 3424 1070 3487 uui
1094 3425 1286 3490 provenientem
1300 3427 1410 3493 proriam
1432 3427 1600 3480 numidam
1623 3445 1701 3500 lituu·

60 3527 131 3582 mest,
137 3519 246 3591 proriam
256 3527 341 3572 tomen
348 3519 542 3586 provenientem
549 3526 730 3589 opnoscerml:
740 3518 815 3572 aliter
825 3519 856 3572 tle
907 3515 977 3582 baut,
989 3530 1012 3569 es
1023 3516 1220 3585 reponeratlonis
1229 3517 1335 3583 donum,
1351 3518 1491 3570 secundum
1505 3520 1621 3572 meritum
1634 3537 1698 3576 eost·

61 3607 291 3679 semipelapianis,
310 3611 356 3678 qui
368 3610 460 3680 prosim
477 3612 578 3682 praepioe
596 3609 856 3665 pseudoapostolis.
906 3605 1026 3677 pruilatis
1050 3607 1109 3658 dori
1132 3604 1272 3676 putobnsst,
1288 3621 1356 3659 nunc
1378 3616 1503 3673 nostros,
1522 3623 1591 3661 nunc
1605 3607 1700 3666 iratres

60 3709 129 3766 rent,
146 3711 169 3756 el
184 3709 268 3755 tomen
281 3703 455 3755 necessitatem
469 3703 561 3774 protite
572 3703 723 3773 simpliciter
736 3702 855 3757 conside·
908 3712 970 3751 suos
982 3697 1105 3767 appellnt.
1116 3695 1181 3751 Cum
1195 3712 1252 3751 tero
1264 3697 1409 3752 dilectores
1423 3706 1506 3764 rocol,
1527 3699 1610 3753 itsrruit
1631 3702 1700 3772 quod

61 3801 128 3847 rous
140 3792 349 3862 confitebantur5
368 3794 445 3849 oliter
464 3793 573 3863 deniqne
586 3794 618 3849 de
640 3795 798 3865 Pelopionis,
813 3795 857 3864 qni
908 3786 1010 3842 direrat
1023 3787 1062 3842 ttts'
1076 3785 1189 3856 Prosper
1203 3788 1228 3840 in
1249 3785 1358 3857 epistola
1380 3787 1421 3842 rui
1435 3788 1589 3856 responset,-
1606 3788 1701 3844 ldossi·

61 3883 174 3954 wrm,
193 3884 282 3938 „prim
309 3883 411 3952 quidm
426 3885 590 3956 passumus,
614 3885 660 3941 „a
684 3888 856 3942 mmmmm
908 3878 999 3932 lieuses
1014 3878 1434 3949 nimirum(eccsptooapmatete
1449 3881 1618 3948 prateoienle
1639 3897 1700 3952 pru·

62 3988 117 4030 csse
133 3977 269 4048 nepobom.
283 3973 421 4048 Pelopiam
432 3979 499 4045 euim
514 3978 751 4052 eppoupsbsnruse
766 3978 856 4034 essio-
907 3973 943 4026 tio
954 3980 979 4027 et
995 3970 1220 4042 praedestinatione
1235 3971 1362 4040 absoluto)
1382 3971 1409 4025 in
1420 3973 1519 4027 steteris
1531 3975 1701 4046 dupustinum

63 4067 173 4122 lieorum
187 4084 304 4134 numero,
317 4070 496 4126 ecclesiasticis
506 4071 680 4142 [unctionibus
692 4070 854 4139 arcebontur,
907 4080 1006 4130 rmore,
1016 4065 1085 4135 noos·
1096 4072 1120 4118 et
1139 4063 1275 4119 ndntirori.
1290 4060 1335 4118 Sic
1349 4065 1416 4118 enine
1437 4062 1571 4133 Prosper:
1585 4084 1594 4118 t
1613 4065 1700 4122 linum

61 4159 194 4226 rescriptis
222 4160 394 4229 imperatoriis
425 4162 636 4229 danmobontsr,·
656 4161 857 4232 Semipelopioni
907 4173 995 4212 sorum
1005 4159 1142 4226 prueiputr
1155 4158 1315 4212 auctoritatis
1333 4166 1356 4212 et
1368 4156 1541 4227 spiritualium
1553 4158 1699 4218 studiorum

61 4248 125 4303 olim
139 4267 186 4320 pro
197 4252 330 4306 cotltolicis
345 4251 515 4317 nubebantur,
527 4263 552 4306 et
566 4254 593 4307 in
606 4253 727 4322 prodinus
739 4231 865 4307 eeclesia·¹
907 4250 1001 4315 sirum,
1012 4262 1131 4304 sonetum
1142 4248 1274 4305 Hi'orium
1284 4250 1467 4314 drelotensem,
1482 4251 1546 4304 seint
1570 4250 1700 4308 leuitudo

60 4340 135 4394 sss'eis
160 4352 228 4395 stare
243 4342 465 4410 permittebantur.
489 4344 623 4398 Sententia
643 4354 727 4397 tomen
751 4343 857 4397 lllorum
908 4343 1146 4396 tuotulmirotorem
1171 4351 1372 4412 sectatoremque
1396 4341 1423 4396 s'n
1438 4340 1497 4395 olt‘t's
1521 4342 1700 4400 erunibustuoe
1779 4337 1782 4343 ’

60 4433 182 4502 spnorlols'
189 4435 289 4487 decreto
296 4445 320 4487 et
330 4434 454 4489 llomouoe
464 4432 744 4489 Heclesioetsuetoritote
754 4434 857 4489 tandem
908 4449 934 4487 es
947 4435 1106 4487 edoetrinoe.
1122 4451 1131 4484 s
1144 4434 1226 4503 Atque
1239 4435 1281 4487 ltic
1294 4433 1394 4503 quidem
1406 4432 1536 4498 Hilarius,
1551 4447 1699 4492 sauctorum

59 4526 286 4580 domnoloest:sic
299 4537 384 4582 tomen
396 4528 484 4599 stipsi
496 4525 788 4594 Hassiliensesquleom
798 4536 858 4581 ente
909 4527 1026 4597 cotolopo
1037 4527 1184 4597 inscriptus,
1198 4527 1242 4596 qui
1253 4536 1313 4580 tune
1326 4526 1421 4580 rioebol
1435 4528 1461 4580 in
1476 4530 1587 4582 mosimo
1609 4542 1699 4585 aueto-

61 4618 250 4672 Aroust'conum
265 4634 283 4674 st
294 4621 431 4675 eonsilium
441 4630 585 4687 tenuerant,
603 4622 856 4693 nondamnorentttr.
910 4621 994 4686 ritate,
1009 4618 1039 4672 ub
1053 4619 1192 4689 dupustino
1203 4619 1350 4673 dissiliebat.
1362 4617 1419 4672 Hos
1433 4636 1503 4689 erpo,
1514 4638 1577 4689 quos
1590 4621 1700 4694 Prosper

62 4711 117 4775 Qui
127 4726 187 4765 sero
201 4714 348 4767 absolutum
370 4711 498 4768 decretum
515 4715 748 4785 predestinationis
766 4722 856 4766 contra
872 4676 898 4737 D
911 4712 1009 4766 dieebnt
1025 4727 1078 4765 esso
1090 4711 1118 4765 in
1132 4711 1229 4764 ent-ris
1243 4711 1380 4780 drtpuslini
1401 4710 1586 4780 sdtstiststores,
1608 4715 1700 4787 dupu-

59 4802 237 4872 dupustinum
259 4807 401 4877 nepabant,
415 4822 466 4859 non
491 4806 568 4859 modo
592 4822 642 4859 non
665 4805 855 4858 dansnobontur
909 4806 999 4866 stinus,
1010 4804 1146 4857 modestius
1158 4803 1189 4855 de
1198 4818 1224 4857 se
1236 4801 1379 4868 sent'eudo,
1391 4812 1464 4856 rocol
1474 4820 1534 4859 suos
1545 4804 1699 4864 dilectores.

60 4893 178 4960 heresis,
194 4905 221 4948 nt
237 4894 385 4966 Peinpioni,
408 4897 453 4951 sed
468 4912 515 4951 nec
529 4898 643 4958 erroris,
659 4905 688 4949 ut
712 4895 855 4964 Sensipelo·
910 4895 1002 4963 ltaque
1016 4895 1182 4962 dupustious,
1197 4894 1313 4964 quamuis
1323 4909 1409 4948 eorum
1419 4897 1500 4950 errori
1520 4898 1609 4951 merito
1624 4914 1699 4969 repu-

59 4982 151 5055 pioui:
162 4983 207 5037 sed
222 4985 430 5055 perutiuebonlur
444 4988 471 5040 in
490 5003 538 5040 suo
558 5002 636 5040 sensu
650 4985 795 5051 obundore,
809 4985 856 5040 etsi
909 4985 1013 5056 probat,
1025 4987 1093 5051 ipsos
1104 4995 1186 5038 tomen
1199 5001 1245 5052 pro
1256 4985 1388 5040 eotltolirt's
1400 4987 1523 5055 iratribus
1537 4988 1699 5058 opnoscebat.

59 5074 165 5142 sortiter
179 5091 221 5130 eos
238 5075 350 5146 Prosper
361 5088 384 5132 et
395 5076 440 5131 alii
450 5077 587 5149 Attpustini
596 5077 743 5147 defensores
754 5081 852 5148 refuto·
910 5079 1036 5133 Similiter
1046 5089 1069 5131 et
1084 5076 1206 5148 Prosper,
1221 5080 1267 5132 etsi
1285 5080 1310 5130 iu
1322 5094 1364 5132 eos
1374 5094 1392 5131 u
1402 5077 1543 5132 dertttnlt'us
1556 5079 1699 5149 inurebatur,

59 5177 130 5222 rent.
144 5167 178 5222 Et
195 5169 350 5243 Pelopionos
364 5171 467 5242 quidem
486 5180 546 5224 tune
561 5169 719 5225 anatliemoll
729 5169 856 5242 subjectos
908 5180 980 5225 vocat
996 5181 1079 5223 tamen
1092 5186 1146 5235 eos,
1161 5170 1188 5223 in
1211 5169 1319 5238 epistola
1331 5170 1366 5222 ad
1380 5166 1560 5241 dupustinum,
1578 5174 1700 5224 tmeruis

59 5258 145 5328 lesisse
163 5268 285 5330 tanquam
295 5260 441 5326 lsoeretieos,
454 5277 506 5315 nan
520 5271 557 5316 est
570 5278 634 5330 opos
644 5261 788 5325 ostendere,
810 5277 855 5314 ne·
908 5271 984 5330 atque
996 5260 1136 5316 bonoribus
1149 5261 1244 5326 claros,
1259 5261 1373 5331 eprepios
1396 5267 1424 5315 ln
1436 5262 1505 5315 omni
1515 5264 1635 5315 uirtutum
1645 5270 1699 5314 stu-

62 5348 187 5408 maenius
202 5354 310 5410 dubitat.
322 5355 355 5409 dt
372 5354 546 5409 Hassilienses
557 5365 580 5409 et
591 5352 727 5410 Gallorum
740 5354 857 5407 doctores
908 5353 951 5407 tlto
961 5354 1029 5408 eires
1044 5361 1067 5406 et
1080 5355 1150 5421 opud
1163 5351 1331 5423 simpliciores
1345 5366 1439 5422 mopso
1447 5354 1479 5405 de
1488 5348 1699 5420 contemplatione

60 5443 109 5514 qui
123 5446 242 5500 cumillis
256 5445 405 5510 sentiebant,
419 5446 545 5499 eotltolieo
559 5446 739 5499 communione
751 5453 856 5515 propter
893 5444 1043 5516 ‚probitatis
1057 5442 1199 5497 reuerentia
1211 5444 1381 5514 conspicium
1398 5461 1408 5495 s
1431 5442 1481 5496 imo
1495 5449 1520 5494 et
1532 5450 1655 5506 sanetum
1675 5452 1699 5496 et

60 5549 177 5589 errorem
198 5553 273 5591 strum
292 5553 344 5591 non
368 5537 447 5607 luisse
460 5538 584 5609 priuatos,
596 5537 641 5592 sed
661 5537 688 5590 in
707 5545 855 5590 sonetornns
907 5537 934 5590 in
949 5534 1013 5589 libro
1024 5545 1114 5589 contro
1125 5533 1282 5588 Collotorem
1294 5549 1352 5599 cop.
1365 5533 1410 5598 bb,
1421 5531 1578 5594 rstlsotloos,
1590 5532 1696 5587 dicens:

60 5628 406 5695 pratronsnamerotetitos,
418 5622 683 5697 sotisconrtotesipso
697 5627 853 5697 dispostiuo,
909 5643 920 5677 s
935 5626 1000 5694 Quis
1012 5626 1067 5682 tos
1082 5626 1219 5696 prtedieori
1233 5642 1250 5680 o
1263 5623 1473 5679 ootbolirisiuter
1487 5621 1626 5677 eolltolieos
1644 5637 1686 5677 cre

58 5717 117 5784 oui,
139 5721 165 5772 in
191 5720 260 5774 libris
282 5732 370 5774 contro
392 5735 434 5774 eos
448 5721 481 5773 od
506 5718 661 5791 Prosperusu
683 5728 707 5774 et
722 5715 855 5772 llilorluns
907 5705 997 5774 derel?
1011 5738 1022 5774 s
1038 5717 1071 5774 lit
1085 5706 1426 5789 inepilopoillius'scriptl:
1447 5715 1589 5780 nouorum
1602 5723 1698 5787 tomen,
