3788 6120
81 281 159 338 toti>
530 280 573 334 DE
591 279 832 336 scutttotttttbs
852 278 1120 336 ecciestnstwts
1140 280 1251 336 triten.
1638 283 1709 340 ΜΞ

78 396 155 453 *sub
169 395 313 452 Maximino
328 407 498 465 persecutore
510 396 705 461 coniectorum,
726 405 754 450 ct
773 410 866 451 eorunt
882 403 906 461 Λ
919 395 1072 463 comprimit
1081 410 1127 449 ora
1143 410 1236 450 eorum
1250 409 1294 464 qut
1311 402 1520 464 preasumptoosa
1532 392 1546 432 ¹¹
1557 397 1708 466 suspicione
1722 453 1725 459 ,

76 489 122 556 qui
146 487 172 541 in
187 484 294 540 Nicaena
308 484 410 556 synodo
424 484 549 540 Arionem
566 485 780 553 perversitatem,
792 482 806 522 b
818 485 866 539 lto·
916 489 951 545 de
962 488 1078 542 adveutu
1093 486 1100 524 ί
1116 485 1285 552 Auticbristi,
1301 484 1310 538 i
1330 487 1372 541 rel
1395 488 1500 543 licmini
1515 489 1609 554 nostri,
1623 491 1710 544 inani·

79 577 175 631 niousii
191 575 359 643 opinositione
376 573 548 630 damnarunt.
568 573 646 629 ilunc
663 575 750 627 virum
773 573 867 628 beatus
916 586 958 635 ter
972 577 1207 648 philosophantur.
1223 578 1333 632 Moritnr
1358 578 1401 633 liic
1422 580 1463 631 cir
1477 578 1624 634 Constantii
1640 590 1710 637 ιειιι-

78 668 257 739 Hieronymus
272 667 298 720 in
312 667 380 721 libro
390 665 542 721 Chronicon
556 667 626 721 velut
642 680 796 736 magnaram
813 667 868 722 nir·
915 667 1038 735 pruiltus,
1052 675 1080 720 et
1092 665 1165 736 juxta
1189 678 1349 736 praeceptum
1367 665 1379 702 ¹¹
1403 668 1485 736 putris
1505 669 1564 735 eius
1578 668 1709 722 Constan-

77 768 163 812 tututn
177 758 313 821 ltotoinem
330 767 341 796 ι
357 757 499 812 nominans
512 757 539 812 in
552 756 679 826 (lataittgo
693 771 741 811 cur
751 771 804 812 non
821 772 866 826 po·
917 757 968 815 tirti
980 754 990 794 ¹
1002 756 1078 826 juxto
1099 770 1191 810 oturos
1204 755 1295 810 Nisibe
1306 755 1446 824 sepelitur,
1459 755 1494 811 ob
1506 752 1654 812 custodiam
1669 757 1709 811 vi-

77 850 171 914 suerit,
187 847 265 904 lacile
275 849 455 915 excusabitur,
466 849 488 905 si
499 849 700 905 consideremus
711 850 781 918 qood
795 850 869 918 ipset
917 845 1013 902 delicet
1030 846 1155 902 cirionis.
1170 845 1246 912 Quod
1266 845 1412 900 secundum
1435 845 1513 901 lidero
1535 845 1705 902 Constantini

78 937 163 995 itres
177 939 218 994 vel
233 948 347 1009 quotuor
363 939 457 1010 Syros.
480 953 549 1009 quos
572 940 670 1009 posuit,
686 950 716 996 et
737 942 869 1007 inerpre·
916 938 1016 992 ei'euit.
1037 937 1102 993 Nom
1128 947 1187 1004 post
1208 936 1304 991 multos
1327 937 1561 1006 attnosinpressos
1583 935 1705 993 tatianos

79 1039 147 1084 totos
161 1030 187 1084 in
203 1029 325 1085 Craeeum
347 1045 377 1085 se
399 1029 496 1100 legisse
518 1038 643 1087 testetur.
668 1031 744 1087 Unde
763 1041 868 1087 constat
918 1027 1038 1094 Nisiben,
1053 1029 1129 1083 etrel
1141 1029 1233 1096 glorie
1248 1026 1346 1094 sepulti
1362 1025 1492 1090 inridens,
1508 1026 1550 1081 vel
1562 1026 1624 1081 iidci
1637 1028 1708 1081 Cern-

77 1137 138 1176 eum
154 1122 200 1176 illo
215 1130 335 1190 tempore
349 1131 361 1160 ⁸
374 1122 525 1193 ignorasse.
535 1120 629 1194 Syram
646 1123 762 1193 linguam
773 1124 815 1178 vei
828 1125 869 1179 lit·
918 1120 1042 1182 stantini,
1059 1119 1134 1187 cujus
1148 1119 1182 1174 ob
1206 1118 1231 1174 id
1253 1119 1361 1173 donnum
1386 1120 1604 1186 persequebatur,
1628 1118 1709 1190 iussit

78 1221 160 1274 teras,
174 1219 201 1267 et
220 1210 280 1265 idco
292 1209 374 1276 brine,
387 1210 435 1280 eat
446 1210 559 1266 necdum
572 1226 667 1267 tersus
681 1223 723 1268 est
746 1214 772 1268 io
788 1214 866 1267 alteim
918 1208 1007 1264 elicrri
1030 1208 1065 1263 dc
1088 1208 1197 1262 cit-itate
1211 1207 1280 1261 sacri
1293 1209 1428 1272 ⁵corperis,
1447 1206 1583 1277 reliquias.
1599 1206 1634 1262 tic
1649 1217 1710 1276 post

78 1301 206 1370 linguato,
222 1301 341 1359 nescisne
362 1301 532 1370 scriptorem.
546 1299 756 1372 Comprehendi(
778 1312 868 1360 autem
919 1313 1019 1369 paucos
1032 1315 1138 1354 menses
1162 1298 1333 1354 consulendo
1358 1296 1421 1351 licet
1440 1311 1520 1351 cansa
1542 1296 1707 1366 reipublice,

78 1407 158 1448 ontne
173 1407 241 1462 opos
255 1407 332 1446 suurn
347 1391 374 1448 in
386 1391 397 1432 ¹
410 1393 500 1463 tipinti
512 1409 557 1447 acc
567 1392 650 1457 libris,
661 1394 688 1450 id
699 1405 750 1459 cst,
762 1396 794 1449 de
801 1394 869 1464 tidee
919 1388 1046 1444 dotianus
1061 1389 1216 1456 itinerator,
1231 1390 1275 1458 qni
1290 1386 1396 1442 loliano
1408 1397 1585 1453 successerat,
1598 1388 1709 1444 tradidit

79 1491 264 1538 coniruomnu
278 1481 404 1548 itoeresesg
419 1482 589 1538 decituritntp
608 1484 737 1554 qenpraffl
751 1484 866 1554 dejejre.
919 1479 1041 1534 beaberis
1055 1478 1200 1541 civitatem,
1224 1494 1283 1545 qtiae
1305 1492 1390 1546 iisque
1412 1477 1493 1532 livdie
1512 1477 1652 1533 Persctrnnr
1668 1479 1710 1535 d't·

79 1573 138 1636 nio,·
152 1572 183 1627 dc
194 1574 324 1637 orationc;
336 1571 368 1626 de
377 1571 511 1627 dilectione
521 1587 582 1641 erpa
592 1575 737 1641 proximam
749 1573 870 1641 speciali,·
917 1556 984 1635 libai
999 1584 1059 1624 cern
1073 1571 1129 1624 suis
1143 1568 1262 1638 subiecta
1276 1571 1369 1624 servit.

78 1663 110 1716 dc
122 1662 364 1726 resurrectionnis
377 1661 429 1714 cita
450 1670 506 1730 post
520 1672 645 1728 mortem,-
660 1663 692 1715 de
709 1662 869 1731 bumilitate3
1059 1669 1062 1676 '
1233 1658 1345 1714 CAPUT
1364 1657 1397 1714 ll.
1456 1707 1457 1711 ,

77 1755 110 1807 de
124 1754 266 1824 patiemim·
279 1753 311 1806 de
324 1752 485 1822 penitentie·
500 1751 532 1806 de
543 1753 734 1822 satisfactione·
748 1762 761 1799 ι
774 1766 806 1807 ae
820 1769 869 1806 nu·
884 1754 908 1816 Β
955 1749 1067 1815 iectus,
1093 1750 1166 1805 urbis
1188 1749 1317 1804 boetianas
1338 1751 1497 1819 episcopus,
1520 1748 1627 1820 scripsit
1641 1759 1661 1787 ἰ
1675 1752 1708 1805 ad

77 1844 200 1912 ciuitate·
212 1843 244 1896 de
258 1857 332 1897 tensa
346 1844 455 1908 animoe;
469 1843 721 1910 deciscamcisionc,·
744 1843 776 1896 de
796 1845 870 1899 asino
923 1840 1076 1911 Dionysium
1097 1838 1238 1913 qucptdarn
1262 1841 1296 1893 de
1318 1840 1500 1895 incarnatione
1519 1840 1624 1896 [letoiui
1649 1843 1709 1910 epi-

77 1929 279 1999 benedicente
301 1946 351 1999 qua
369 1932 397 1985 in
419 1928 491 1987 droia
506 1931 579 2003 (exn,
595 1933 622 2002 8)
638 1932 739 2002 lepltur,
761 1929 821 1987 Non
833 1944 870 1987 est
921 1931 1016 1985 stolam
1030 1945 1193 1998 terraneolam
1207 1930 1369 1998 illoouidein
1387 1940 1506 1999 tempore
1518 1931 1590 1986 utilis
1600 1933 1656 1986 riso
1668 1941 1709 1986 est

76 2019 286 2072 exterminandas
296 2018 400 2083 latmi,-
416 2019 567 2085 chlrrirto,
579 2021 648 2091 qaod
659 2019 745 2075 Filias
762 2019 811 2075 Dei
825 2021 869 2085 sit,
921 2027 936 2056 ²¹
951 2021 1092 2074 aduersum
1118 2035 1165 2073 cos
1184 2020 1229 2088 qui
1252 2020 1286 2076 ita
1301 2020 1367 2073 duas
1382 2034 1428 2088 per
1443 2021 1652 2076 incarnationem
1667 2037 1709 2076 as-

77 2120 100 2164 ct
117 2109 340 2164 constristantiaiis
355 2108 448 2174 Patri;
462 2110 494 2163 dc
512 2111 643 2176 castitate,·
663 2111 784 2166 aduersus
805 2127 869 2183 pen·
922 2108 1048 2163 serebant
1061 2109 1086 2162 in
1100 2106 1207 2162 Christo
1223 2123 1366 2176 personas,
1379 2108 1448 2164 sicut
1461 2119 1489 2163 et
1502 2121 1623 2176 staturam
1641 2127 1709 2166 retine

78 2211 114 2252 tes
122 2214 132 2261 ;
148 2196 179 2252 de
188 2197 374 2251 constructione
387 2196 560 2264 tabernaca1i3
572 2198 604 2252 de
613 2199 724 2267 pontiam
737 2216 870 2254 conuersa·
922 2206 1011 2251 autem
1021 2197 1168 2266 perniciosa
1183 2197 1320 2264 probatur.
1329 2205 1341 2231 ⁰
1350 2197 1508 2253 Fomentotn
1517 2201 1587 2254 coitu
1599 2213 1640 2255 est
1656 2201 1708 2256 Eo·

78 2290 148 2344 tione
156 2305 166 2353 ,·
181 2289 212 2342 dc
233 2304 312 2359 repon
329 2287 486 2356 Persaramg
509 2290 540 2345 dc
560 2295 732 2359 persecutione
745 2291 870 2348 Cleristio-
922 2289 1055 2354 licitiattae
1068 2297 1095 2341 et
1109 2287 1293 2340 Titnolhesuae
1308 2287 1463 2357 impictatis.

78 2395 180 2433 nomm.
194 2379 350 2448 Composuit
363 2389 391 2434 et
405 2378 542 2434 chronicon
555 2382 666 2437 minoris
675 2382 782 2452 qttidcm
796 2382 870 2438 Gre-
1228 2377 1342 2433 CAPUT
1362 2377 1405 2432 ΙΙΙ·
1477 2385 1492 2400 ”

78 2485 170 2525 corum
186 2471 359 2547 curiositatis,
372 2471 418 2527 scd
435 2471 544 2542 maioris
559 2471 676 2541 dduciae,
689 2475 750 2545 quia
764 2478 868 2548 diuino·
955 2479 969 2519 Ρ
986 2468 1118 2522 pisilibus
1141 2468 1300 2537 i‘lfflbilei,
1321 2467 1469 2536 discipulos
1491 2468 1523 2522 li.
1546 2479 1560 2518 s
1587 2470 1708 2537 iiptltroem

78 2577 137 2619 rum
161 2563 357 2634 scripturarum
382 2573 483 2619 mutum
506 2565 664 2622 anctoritate
685 2575 868 2622 constructum
920 2561 1036 2627 diaconi,
1066 2560 1146 2614 itomo
1167 2559 1330 2614 acrisvnldc
1353 2558 1471 2628 ingenii,
1487 2574 1514 2615 et
1535 2570 1547 2598 ι
1571 2561 1708 2621 inditinit

77 2709 136 2749 cero
148 2690 287 2815 Parsamm
298 2694 329 2747 ci*
339 2693 417 2747 itatis.
429 2693 597 2750 Mobillonius
617 2703 682 2751 tom
696 2695 717 2750 ll
732 2697 864 2763 Analeet.,
954 2691 968 2800 ἰ’
983 2694 1032 2818 Ris-
1049 2693 1351 2818 ⁰⁰'b·c·h⁸¹†⁸d‘⁰g⁰m'c

78 2766 174 2885 'mido
187 2763 281 2886 idid
291 2763 489 2904 cddd'td‘issss'ns
510 2841 537 2887 o
558 2833 795 2907 euetpnnnynno
812 2845 864 2902 en,
954 2835 961 2883 ι
983 2778 1127 2887 eddium
1144 2773 1246 2886 addin
1265 2778 1506 2887 ssdsstrtdzndfdfsin
1529 2849 1581 2889 ms.
1598 2835 1705 2895 corte.

78 2901 134 2957 Sab
148 2901 319 2956 Maximiano.
335 2902 386 2956 scd
400 2903 538 2957 retinenda
554 2907 628 2975 prior
643 2907 733 2974 lectio,
754 2918 782 2960 ut
795 2907 863 2961 Ten
954 2901 966 2940 k
985 2902 1053 2957 idern
1071 2919 1133 2961 ros..
1148 2904 1227 2972 potnit
1242 2901 1403 2956 Constantini
1417 2905 1484 2956 intro
1496 2920 1582 2958 nrnros
1596 2905 1647 2960 Nic
1666 2911 1705 2962 te.

76 2972 160 3026 retius
183 2973 277 3040 probru
301 2971 527 3028 Exercitationem
552 2976 712 3031 selectarum
736 2985 805 3045 pam.
837 2975 863 3042 l,
956 2973 964 3011 ¹
987 2973 1024 3026 lta
1048 2974 1132 3027 nostri
1153 2974 1269 3028 codices.
1289 2974 1409 3038 ilirnus,
1434 2975 1706 3056 internoscendas.

75 3041 189 3095 exercit.
201 3044 228 3096 b.
246 3043 311 3095 ins.
326 3039 483 3097 Crastinus.
881 3073 905 3140 C
918 3043 1074 3099 Ctenttuos.

114 3108 184 3166 bld.
197 3113 328 3166 omousia.
954 3122 974 3150 ω
994 3112 1138 3179 Epiistolnnn
1165 3112 1200 3167 ad
1226 3113 1404 3182 Dionysium,
1432 3127 1511 3182 quarn
1531 3114 1603 3168 iulio
1631 3132 1706 3187 popm

116 3180 197 3246 sid,
212 3180 335 3234 nominat.
407 3201 410 3206 ·
678 3237 682 3243 ,
816 3216 820 3224 .
918 3180 1707 3253 ascribebantAceplrali,iuliiportaerctcraluissecredi·

114 3249 127 3285 ⁶
144 3248 334 3309 bardesanem.
349 3249 458 3315 Eiram,
473 3250 645 3310 Archelaum.
918 3255 957 3306 dit
973 3251 1141 3317 Gettnadios;
1158 3254 1323 3306 subdititiam
1347 3253 1487 3307 Facundus
1507 3254 1706 3311 llerntinnensis

113 3327 126 3355 ⁶
140 3318 225 3388 Negat
239 3318 290 3374 hoc
300 3317 344 3375 W.
362 3321 393 3374 Β.
408 3320 562 3375 Tenlztslius
582 3321 594 3376 d
615 3323 763 3404 μακαρίτης
786 3338 866 3392 quem
918 3324 1059 3391 episeopus
1071 3323 1117 3375 lib.
1130 3339 1135 3374 t
1148 3325 1316 3389 sttspicaittr,
1332 3334 1359 3377 et
1371 3324 1496 3391 Eulugins'
1510 3325 1706 3381 Alexandrinus

79 3387 139 3443 ride
151 3388 239 3443 tom.l
254 3387 324 3443 bist.
335 3391 440 3459 select,
456 3407 484 3459 p.
496 3391 560 3457 att,
579 3392 622 3447 ubr
638 3391 796 3447 Garueriout
818 3408 868 3458 op·
919 3400 988 3445 orat.
1001 3393 1018 3446 5
1033 3392 1101 3454 :tested
1117 3389 1252 3444 Picentium.
1277 3393 1404 3446 Leontius
1417 3409 1480 3446 vcro
1497 3392 1649 3461 llyaontius,
1661 3400 1706 3466 etti

76 3455 592 3585 nitidisnlitidissirit
609 3460 869 3600 desistitis
919 3460 1083 3583 sterilli
1098 3460 1609 3597 tiiltiilit‘illiildiris
1622 3464 1707 3590 lits

116 3597 122 3609 ι
477 3574 484 3599 ’
595 3570 603 3583 ¹
1010 3569 1016 3591 ’
1164 3573 1181 3617 ἠ
1229 3598 1235 3609 ·
1367 3601 1371 3610 ·
1487 3603 1505 3614 η
1559 3572 1565 3583 ¹

76 3608 127 3705 m}
142 3597 274 3722 [dodddus
290 3666 360 3722 Petri
375 3667 432 3722 lrmc
445 3667 555 3722 adnotat
565 3669 597 3722 ad
610 3667 638 3722 b.
650 3668 670 3723 l.
681 3669 774 3724 Codex
787 3685 870 3724 cren·
919 3600 1353 3745 ddtcseideddlogedgpdd-(cddeffide!
1366 3602 1707 3740 Ιιξιςιιιιιιιῐιιιιῗιιιιιιεῐιιωγῖιιιιὶιιῐιιιιιῖἓιί·

75 3749 125 3792 set
139 3745 253 3792 testatur
265 3739 335 3792 littoc
354 3739 512 3804 scriptorem
534 3740 771 3808 comprehendisse
791 3753 870 3795 cruore
920 3751 1017 3806 scopus
1031 3739 1181 3807 Epinesirtus
1194 3742 1219 3794 in
1231 3742 1373 3794 collatione
1385 3755 1445 3793 cum
1456 3742 1599 3807 Acepitolts
1613 3742 1703 3797 insitire

78 3822 149 3875 opos
164 3821 241 3861 suom
255 3808 330 3863 libris
339 3806 384 3873 25,
399 3809 441 3862 eui
452 3815 480 3861 et
494 3821 544 3863 ors.
559 3814 643 3863 codex
656 3808 761 3864 Gembi.
772 3808 868 3865 sotim·
919 3805 1151 3876 Cttttstantiuepoli
1167 3825 1174 3862 :
1193 3808 1225 3862 tt.
1246 3807 1311 3862 iniri
1328 3813 1451 3877 [amoram
1477 3809 1550 3863 illam
1574 3814 1706 3880 epistotam

76 3887 167 3946 gater.
177 3877 281 3947 lleliqni
292 3878 353 3931 cod.
365 3879 449 3931 nostri
461 3876 791 3949 lrabeotddlCorbeientis
801 3876 869 3935 teste
919 3879 1054 3948 manifeste
1068 3879 1225 3949 Apollinaris
1246 3880 1400 3933 ostendimus
1424 3882 1512 3947 [aisse.
1535 3882 1656 3950 scriptam
1671 3884 1705 3937 od

78 3947 237 4002 tlctrcianaeo
251 3951 277 4001 in
290 3947 335 4013 ii)
358 3948 459 4011 libros,
481 3947 529 4002 sod
552 3958 693 4011 recerucnt
715 3949 794 4007 inodo
821 3950 867 4006 ii.
920 3946 1080 4019 Dionysiam.
1102 3949 1170 4014 Quin
1190 3955 1217 4004 et
1241 3951 1351 4003 alteram
1373 3950 1435 4004 itero
1456 3951 1489 4003 nd
1505 3949 1706 4009 Prosdocnnuro

77 4015 167 4069 Trttb.
182 4017 261 4071 babet
275 4017 337 4072 item
350 4017 397 4081 ΞΒ,
410 4031 477 4085 quos
488 4026 517 4072 ct
528 4026 678 4079 enumerat,
693 4020 740 4074 sed
753 4021 796 4073 ille
806 4021 869 4076 cod.
920 4032 967 4071 seu
992 4020 1127 4073 Decimum
1152 4018 1293 4084 epistolant
1309 4019 1395 4089 (eojtrs
1417 4019 1572 4074 testimonio
1594 4037 1640 4076 uso
1666 4034 1707 4080 est

76 4086 145 4138 nitio
159 4085 284 4156 deceptus
306 4102 339 4142 ex
363 4102 417 4141 uno
441 4086 541 4142 libros
561 4086 633 4142 lecit.
650 4088 697 4142 llic
717 4089 787 4143 enim
803 4089 870 4144 liber
919 4093 1038 4157 synodus
1052 4087 1195 4158 Ephesios)
1213 4103 1261 4142 nee
1275 4089 1359 4156 ipsam
1373 4089 1435 4142 iulii
1452 4089 1534 4142 luisse
1551 4094 1606 4143 vtrlt
1619 4093 1707 4147 beort-

78 4169 159 4223 quetn
174 4156 262 4210 verbis
285 4156 371 4210 Esaiae
394 4157 486 4210 tribon
508 4159 586 4226 plane
610 4158 679 4212 idem
694 4170 736 4214 est
750 4174 810 4215 cunt
835 4175 869 4214 eo
920 4164 993 4224 trus,
1013 4159 1061 4213 sed
1074 4160 1224 4223 Timothei,
1241 4158 1363 4225 discipuli
1379 4159 1549 4228 Apollinaris.
1565 4160 1612 4214 sed
1639 4163 1708 4217 itanc

76 4240 159 4290 «prtem
175 4223 269 4279 tribuit
290 4228 376 4296 ozyrtti
393 4225 582 4282 benedictioni.
598 4227 673 4294 Quod
688 4229 793 4298 quidem
808 4243 885 4285 esse·
921 4230 980 4281 sine
994 4230 1174 4282 ccrrttrotersiu
1187 4228 1258 4283 iulio
1279 4230 1322 4282 olii
1341 4236 1451 4296 estoque
1472 4239 1612 4294 assensum
1628 4241 1708 4301 aterio

77 4309 173 4347 verum
197 4294 274 4350 lacite
294 4295 480 4363 deprehendet
506 4298 627 4367 qtrisqois
651 4297 870 4354 anirrtadterterlt
922 4296 993 4352 inter
1015 4308 1128 4353 caeteros
1149 4299 1317 4364 spinensis
1340 4299 1490 4367 patriarcba
1512 4302 1706 4363 Atittocbenus,

78 4377 130 4432 pro
143 4365 227 4433 oaprni
250 4365 389 4433 legendum
403 4379 464 4422 esse
477 4367 556 4421 omni.
580 4367 625 4421 Sic
645 4369 717 4420 enim
737 4367 762 4422 in
779 4384 870 4422 uranu·
922 4367 991 4421 libro
1005 4384 1050 4431 m,
1066 4373 1099 4422 tle
1119 4369 1207 4424 Siccis
1223 4369 1337 4439 Legibus
1355 4371 1423 4437 aptrd
1446 4369 1578 4423 ottocento.
1596 4369 1639 4424 Sic
1653 4371 1707 4426 lere

77 4433 189 4501 scriptis
201 4433 348 4501 codicibus,
363 4434 561 4501 Gemblaceosi,
575 4449 603 4492 et
621 4437 766 4505 Aldipinio,
780 4445 808 4492 et
824 4439 869 4493 lli-
884 4427 909 4489 D
922 4437 1081 4491 sirmondus
1096 4443 1123 4491 in
1148 4441 1218 4492 notis
1241 4443 1274 4492 od
1301 4441 1452 4493 Factrtntunt
1477 4438 1708 4495 llermiancnsern.

78 4502 148 4557 ridis
163 4503 254 4569 Vallis,
273 4514 299 4559 et
317 4505 503 4576 sigebergensi
523 4521 651 4574 expresse
670 4506 775 4577 legitur.
792 4508 869 4564 litde
921 4507 1053 4561 (ἰιιιιιιιιιι
1068 4508 1098 4563 S.
1120 4509 1207 4562 tulitts
1220 4524 1252 4562 eo
1265 4511 1374 4563 notitiae
1392 4523 1493 4576 prtinus
1508 4522 1592 4577 papa,
1608 4523 1708 4582 rnarty·

77 4573 149 4626 acliri
169 4573 366 4640 berredictione,
392 4576 472 4631 verba
497 4577 554 4630 nnc
576 4585 685 4632 esaiam
707 4578 777 4645 apttd
804 4577 866 4631 Esa.
921 4578 1023 4646 relegio
1036 4576 1114 4632 Ριοιιι.
1135 4581 1167 4629 ad
1185 4577 1217 4632 ld
1237 4578 1336 4645 Aprilis
1353 4579 1493 4646 conscriptus
1508 4579 1615 4648 sepior.
1631 4584 1708 4637 Anno

77 4655 141 4711 cap.
155 4644 201 4709 65,
225 4655 252 4698 et
275 4645 345 4700 botri
370 4649 470 4702 monitio
484 4647 590 4701 acinum
612 4644 656 4702 ltic
671 4647 722 4717 legi
742 4656 868 4717 oportere
922 4645 972 4700 dib
995 4648 1110 4716 pandion
1126 4659 1232 4702 creatus
1246 4688 1253 4710 ,
1268 4647 1374 4701 denium
1389 4663 1433 4702 an.
1447 4648 1500 4702 552
1516 4653 1605 4705 nitere
1618 4650 1707 4718 desiit,

77 4713 147 4765 sotis
161 4713 300 4769 evidenter
313 4712 401 4784 arcodi
412 4734 419 4770 c
431 4716 540 4771 Crocus
564 4726 653 4771 textus
674 4717 710 4771 ita
725 4731 755 4771 se
777 4718 866 4783 babet,
922 4717 1083 4771 succedente
1098 4717 1215 4771 Liberlo.
1230 4719 1349 4772 ilrnmos.

77 4779 108 4835 ὅν
118 4783 212 4857 τρόπον
222 4787 385 4861 ripaticum
397 4785 409 4840 i
422 4786 473 4862 ρ’ὼξ
486 4787 511 4840 io
520 4794 556 4861 τῷ
568 4788 657 4862 βότρυι
671 4791 714 4842 καί
723 4790 822 4865 ἐροῦσι,
833 4793 869 4859 pit
957 4793 972 4822 ι
991 4786 1077 4841 Verba
1089 4789 1224 4842 adrasum
1238 4803 1281 4841 eos
1291 4801 1375 4858 usque
1388 4787 1421 4842 ad
1435 4798 1457 4842 et
1473 4798 1595 4855 naturas,
1610 4791 1708 4847 desunt

77 4849 177 4925 λυμήνῃ
193 4855 278 4915 αὐτόν.
289 4853 328 4909 ὅτι
341 4856 442 4928 iolopin
455 4857 555 4917 irrisio
565 4860 635 4930 αὐτῷ
649 4859 692 4912 ubi
706 4857 719 4913 d
732 4859 793 4937 ρὡ,
815 4861 867 4912 aci·
922 4855 948 4909 in
962 4854 1045 4912 Corb.

79 4935 145 4973 rturn
160 4936 220 4977 utae
234 4922 375 4993 significat,
398 4929 423 4979 in
439 4940 492 4995 qim
514 4926 665 4997 beitcdictio
679 4942 739 4983 esse
760 4930 866 4983 dicitur.
956 4928 1039 4991 ⁰ld.,
1064 4926 1214 4982 Fomeotum
1236 4936 1274 4981 est
1298 4928 1365 4982 enim
1387 4927 1566 4999 prntotianae
1586 4930 1707 4985 dictaeos

78 4989 164 5068 ifatdo
181 4992 290 5048 interius
301 4993 334 5047 dc
345 4997 456 5049 adserito
471 4994 565 5050 Cbristi
580 4998 607 5053 Si
626 5002 717 5066 ebera.
739 5000 803 5069 legit
815 4999 869 5051 An·
920 4995 1067 5067 impictatis.

78 5059 200 5115 trcnristi.
213 5089 248 5103 ·-
259 5063 358 5121 omnes
371 5065 477 5121 codices
493 5067 591 5121 babent
609 5014 646 5122 {ti
669 5082 755 5136 necue
779 5081 866 5122 tamen
957 5069 1029 5122 rtis.
1043 5068 1123 5121 Corlt.
1137 5077 1163 5123 et
1176 5066 1306 5121 lionorios
1316 5068 1385 5121 ltunc
1394 5065 1553 5135 scriptorem
1562 5069 1706 5126 Paolonmn

78 5139 232 5185 recensent.
248 5133 276 5188 ln
294 5129 483 5205 Notibergeosi
496 5136 528 5189 dc
548 5136 600 5206 fide
613 5147 701 5190 corttro
715 5153 800 5192 antnes
814 5139 868 5193 itte·
922 5148 1029 5205 remitit,
1049 5141 1090 5193 cui
1106 5138 1299 5203 subiacentes,
1321 5139 1406 5207 inqtrit
1418 5139 1549 5194 Sollridus
1569 5140 1652 5209 Petri,
1673 5157 1706 5195 et

79 5213 149 5277 reses
162 5216 231 5257 unos
242 5203 455 5262 litoroso-Licet
467 5205 735 5273 auteuiduoslacins,
746 5209 868 5263 scebro·
923 5221 989 5261 mss.
1007 5208 1085 5262 codd.
1103 5209 1200 5262 nostris
1214 5250 1221 5273 ,
1237 5207 1334 5262 Viridis
1351 5206 1449 5273 Vallis,
1466 5209 1664 5264 tictttulacensis
1680 5220 1706 5265 ct

79 5282 160 5323 ttteon
172 5284 366 5338 contremescat
380 5290 432 5331 nott
445 5276 574 5332 resultant
585 5286 674 5331 umen
687 5277 777 5345 plures
789 5292 868 5346 qttarn
923 5276 1132 5348 sigebergensis.
1148 5279 1199 5331 Alii
1211 5276 1365 5331 Panionium
1374 5278 1563 5346 appellaue-
1574 5280 1706 5333 llorrorios

79 5335 128 5391 26.
143 5339 208 5394 ilinc
222 5343 249 5395 in
265 5346 474 5401 tauromenum
494 5359 626 5402 cottsense
639 5347 767 5415 colligere
790 5361 869 5416 posse
926 5347 952 5401 in
967 5350 1108 5416 tiatalogo,
1123 5357 1149 5401 ct
1164 5362 1215 5402 non
1237 5350 1311 5416 pauci
1327 5349 1433 5403 codices
1449 5361 1513 5399 nass.
1529 5349 1601 5402 brtrrc
1616 5347 1705 5402 Panti-

79 5408 185 5479 vltleor,
199 5412 284 5480 ipsunt
299 5412 465 5470 Contradiunr
490 5432 543 5470 ιιιιιι
558 5417 609 5471 nisi
630 5417 787 5481 sevidisse,
804 5420 868 5472 licet
924 5432 985 5471 num
1008 5431 1102 5473 rocam
1120 5417 1280 5482 Piraionanm
1299 5418 1344 5471 alii
1359 5417 1523 5471 lnnlootont.
1538 5417 1655 5472 Menses.
1672 5441 1704 5458 -

80 5477 209 5534 decidium
221 5481 256 5538 26
268 5484 407 5553 scripsisse
419 5486 546 5541 traderet.
562 5486 627 5540 Cen.
641 5485 801 5542 Crnnttuas.
896 5516 899 5521 Δ
924 5489 990 5541 Cliti.
1008 5488 1084 5555 lion,
1104 5487 1236 5542 l'aalanun
1251 5488 1340 5543 babet.
1358 5488 1424 5542 Eun.
1441 5489 1600 5553 Cttntnubs.

117 5557 130 5595 t
145 5550 192 5604 ils.
213 5552 339 5620 (lorensi,
352 5557 539 5618 poenitmtiade
552 5557 734 5627 transactione,
749 5558 781 5610 dc
796 5573 872 5610 censu
960 5568 974 5607 t
993 5557 1085 5620 Corin,
1104 5558 1201 5625 Essem.

78 5619 184 5738 trime.
198 5624 230 5678 dc
243 5623 390 5696 viminibus,
405 5625 437 5681 de
451 5626 617 5696 circumcisis,
635 5628 666 5683 de
678 5630 753 5684 acino
767 5629 871 5683 bencdi-
960 5638 971 5666 ¹
990 5629 1083 5693 Corb,
1095 5629 1122 5683 in
1133 5630 1219 5683 diuina
1231 5628 1366 5697 Scriptura
1378 5627 1478 5679 doctus.

78 5703 95 5738 C
106 5702 182 5743 tottii.
