3788 6120
150 257 200 315 bbi
791 245 913 303 stbottt
932 240 1161 300 tebttttttttts
1734 233 1785 297 888

148 366 308 427 §adederat
322 367 393 434 ruri3
410 373 649 437 nunquamtamen
663 363 733 431 otia,
748 374 882 431 nentiquam
956 352 1078 426 Am
1097 353 1219 416 Birutus,
1241 348 1416 420 opprobrium
1436 360 1491 402 nott
1511 344 1641 401 damnum
1662 343 1786 403 bertrame
1889 406 1892 417 1

148 459 253 516 Besidia
268 457 396 527 imbellis,
410 457 584 527 studiumque
600 465 628 511 et
641 470 705 510 eura
720 453 812 525 quicto
1614 434 1750 508 [horrens.

148 553 290 608 Armorum
305 563 432 618 semper:
447 557 461 586 ⁸
474 548 564 604 subito
576 562 637 602 curn
651 556 728 615 rupta
742 542 855 598 tumultu
993 534 1048 590 llus
1060 533 1093 589 ad
1109 532 1177 588 bella
1194 529 1276 586 trahit
1289 537 1346 584 tum
1360 527 1415 597 iam
1428 541 1491 599 spes
1503 526 1578 583 orbis
1592 528 1701 590 Avitus.
1794 595 1812 609 ‚

147 640 288 697 Barbaries
302 647 373 696 totas
388 640 415 694 in
431 648 456 695 te
470 638 669 694 transfunderat
682 645 780 702 arctos,
993 626 1041 682 Vel
1056 626 1112 696 jam
1128 625 1261 694 privatus,
1281 622 1324 678 rel
1339 621 1437 677 adhuc.
1452 619 1496 676 Sic
1508 621 1634 677 cinnama
1648 620 1737 690 husto,

147 733 227 806 341
242 733 344 799 Gallia;
359 746 504 803 pugnacem
523 731 625 799 lingum
640 729 786 784 eomitante
800 726 915 793 Gelono,
993 717 1076 774 Collis
1094 714 1226 787 Brytlrraei
1246 723 1357 782 portans
1376 711 1519 768 Phoebeius
1534 712 1603 780 ales,

147 824 249 895 Gepida
263 833 323 879 trux
336 823 470 893 sequitur,
484 821 499 861 ¹³
514 821 627 891 Scyrum
643 817 795 890 Burgundio
809 818 898 887 cogtt;
991 809 1115 866 concitat
1127 822 1209 863 omnic
1226 807 1316 861 arium
1336 805 1451 876 vulgus:
1467 804 1623 860 lamularrda
1638 813 1753 861 currunt

146 914 269 981 Gbunus,
286 913 455 981 Bellonotus,
470 911 586 977 Neurus,
604 911 745 976 Bastarna,
762 909 905 979 doringus,
992 900 1123 969 Agmitta,
1142 909 1170 952 ct
1189 906 1320 967 augustus
1338 909 1441 967 pennas
1457 911 1510 950 non
1527 895 1646 966 explieat
1663 912 1722 953 aer.

149 1009 303 1073 Bmoterns,
320 1006 411 1062 ulvosa
427 1021 507 1076 quem
521 1005 563 1059 vel
578 1006 586 1036 ¹
600 1003 678 1059 A'leer
692 1002 778 1057 abluit
792 1001 877 1067 unda,
1031 990 1045 1028 ‘¹
1063 990 1121 1048 tam
1137 1004 1221 1061 prope
1239 989 1290 1043 lata
1309 990 1346 1044 tsi
1364 989 1486 1044 bissenas
1498 987 1616 1044 vulturis
1632 987 1692 1043 sias

143 1101 303 1170 'Prorumpit
318 1099 454 1163 Francus;
467 1095 565 1153 cecidit
579 1095 633 1150 cito
646 1103 718 1150 secta
733 1092 840 1163 bipenni
992 1086 1169 1158 Complebant
1186 1087 1251 1154 (seis
1264 1099 1380 1156 namque
1392 1092 1451 1141 tuos
1461 1122 1470 1151 ,
1481 1085 1546 1152 seis,
1560 1085 1658 1154 boma,
1675 1085 1821 1159 laborest
1853 1126 1891 1149 :2

149 1192 274 1249 llercinia
289 1190 316 1246 in
331 1190 437 1255 lintres,
451 1197 479 1245 et
491 1187 614 1243 Rhenum
629 1188 715 1242 texuit
733 1184 805 1239 alno.
996 1188 1008 1218 ·
1026 1181 1130 1236 Aetium
1147 1178 1271 1234 Placidus
1285 1177 1418 1232 mactarit
1436 1177 1548 1232 semivir
1565 1191 1661 1233 ameris

155 1286 189 1341 Bt
201 1286 255 1355 jam
271 1284 395 1340 semideis
410 1282 552 1338 diliuderat
566 1282 647 1338 Attila
663 1280 758 1335 turmis
995 1271 1099 1342 Vixque
1112 1279 1158 1325 tuo
1174 1268 1329 1340 impositum
1344 1267 1424 1338 capiti
1436 1267 1578 1338 diadema,
1595 1268 1730 1330 Petroni:

149 1376 178 1433 ln
193 1390 303 1446 campos
317 1390 358 1441 se,
375 1375 472 1444 Belga,
488 1383 564 1440 tuos3
577 1374 622 1428 rix
639 1373 755 1444 liquerat
767 1369 850 1441 Alpes
996 1364 1069 1419 illico
1086 1363 1233 1428 barbaries,
1249 1377 1300 1418 nec
1315 1361 1435 1417 nonsibi
1452 1369 1529 1432 capta
1547 1361 1635 1418 videri

149 1468 254 1535 genius,
270 1477 351 1524 renue
365 1477 392 1522 οι
406 1482 497 1523 aarum
509 1466 568 1523 sins,
584 1465 786 1522 mittissimus
995 1457 1080 1512 Boaris
1101 1455 1186 1520 Getis,
1205 1454 1338 1523 tellusque
1356 1468 1406 1508 suo
1425 1466 1534 1508 cessura
1552 1452 1655 1523 lusori,

151 1557 242 1616 llobur
257 1559 283 1614 in
299 1557 407 1614 auxiliis
420 1558 541 1614 Geticum
557 1556 626 1613 male
640 1554 767 1612 credulus
782 1568 877 1625 agmen
995 1546 1127 1615 Btttlorss
1146 1558 1194 1600 ⁰01¹
1213 1546 1281 1599 [olle
1299 1543 1371 1613 Ιιψὶ,
1387 1542 1446 1612 titiis
1465 1556 1530 1599 titre
1548 1546 1639 1616 5333ιί

151 1648 288 1706 {umqum
306 1649 421 1720 propp-iis
436 1663 602 1719 praegumeps
614 1648 707 1703 adfore
721 1647 829 1702 castrig,
998 1638 1129 1692 Monstrat
1148 1637 1216 1691 odot'
1232 1635 1356 1706 pinguem
1376 1635 1476 1690 01311θί8
1493 1635 1528 1689 Ab
1547 1636 1663 1691 utilibus
1684 1651 1774 1693 wilm
1794 1659 1888 1704 a

150 1741 265 1798 Nuntius
279 1752 307 1797 at
320 1754 460 1814 postquam
477 1743 615 1799 duetorem
634 1742 766 1814 perculit,
783 1741 893 1795 liunnos
960 1728 1121 1800 utranam,
1140 1739 1291 1798 acuuntque
1308 1726 1418 1796 tamem,
1440 1735 1601 1799 portantque
1614 1730 1717 1799 rapiare

149 1831 208 1887 iam
228 1846 312 1903 prope
326 1839 510 1902 contemptum
528 1833 646 1903 propriis
664 1833 691 1886 in
712 1832 820 1887 sedibus
840 1830 943 1885 hostem
995 1821 1025 1878 Ιιι
1044 1823 1266 1893 introspectum,
1285 1820 1375 1889 b³l¹¹¹⁰
1388 1819 1488 1890 ieiunii·
1504 1821 1573 1876 ῐῑιῑιι

150 1925 313 1995 Exspectare
326 1925 419 1990 Getas,
435 1934 526 1980 versat
542 1938 621 1995 tagus
637 1923 726 1978 omnia
741 1936 832 1977 secum
997 1915 1149 1980 Ballontes;
1165 1914 1219 1985 jam
1236 1912 1346 1982 jamque
1364 1921 1441 1967 tener
1459 1925 1507 1982 spe
1527 1912 1661 1983 frangitur
1678 1927 1807 1984 agnust
1855 1958 1866 1983 ,

150 2015 282 2082 Consilia,
299 2026 327 2071 et
342 2027 458 2072 mentem
472 2030 596 2071 cunamm
613 2014 738 2070 Auctibus
751 2023 838 2085 urget.
997 2011 1083 2077 Atque
1099 2007 1196 2061 absens
1212 2006 1292 2060 arido
1309 2006 1423 2075 crepitat
1438 2005 1493 2076 jam
1511 2007 1601 2076 praeda
1619 2007 1723 2079 palato.

150 2108 272 2165 'landem
287 2112 422 2163 cunctanti
436 2108 507 2164 sedit
521 2109 670 2175 sententia,
685 2107 786 2163 celsum
1033 2102 1103 2170 Quin
1121 2112 1149 2157 et
1165 2101 1339 2156 Aremoricus
1356 2100 1467 2172 piratam
1485 2101 1591 2158 Sasona
1609 2111 1713 2159 tractus

151 2201 274 2257 Exorare
289 2203 394 2266 rtrum,
409 2199 585 2266 collectisque
599 2199 723 2254 omnibus
738 2212 790 2253 una
996 2195 1144 2267 Sperabat,
1158 2196 1201 2252 cul
1220 2196 1290 2266 pelle
1304 2195 1389 2250 salum
1407 2197 1515 2252 sulcare
1535 2198 1696 2254 Britannum

152 2292 330 2362 Principibus,
345 2307 436 2347 eoram
451 2293 564 2362 supplex
579 2290 618 2346 sic
633 2291 731 2346 tatibus
746 2291 813 2344 iniit.
996 2288 1098 2354 Ludus,
1112 2298 1139 2344 ct
1154 2298 1247 2343 assuto
1265 2289 1388 2356 glaucum
1406 2303 1479 2344 mare
1499 2288 1602 2344 llnderc
1621 2289 1723 2345 lembo.

188 2385 279 2452 0rliis,
294 2385 383 2449 Arite,
397 2383 481 2450 salus,
495 2383 539 2439 cui
553 2398 606 2440 non
622 2396 691 2438 nora
706 2382 791 2454 gloria
805 2395 876 2437 nune
888 2389 944 2448 est,
997 2380 1116 2435 Frmtcus
1133 2379 1296 2435 Germanum
1313 2379 1447 2449 primum,
1467 2379 1629 2452 Belgamque
1642 2381 1814 2438 seeundum

152 2475 230 2544 Qttod
245 2485 321 2546 rogat
335 2476 445 2542 Aetius;
459 2475 585 2540 soluisti,
601 2483 627 2530 et
642 2490 696 2530 non
711 2472 888 2530 incombustis
902 2489 909 2526 :
997 2474 1156 2541 sternebat,
1171 2473 1347 2544 Rhenumque
1364 2474 1441 2530 lerox
1459 2474 1608 2532 Alamannc
1627 2476 1742 2534 bibebas

153 2576 165 2607 ι
182 2565 244 2622 tltst
260 2566 384 2637 prodest;
400 2566 503 2621 inclusa
519 2574 593 2620 tenes
607 2574 646 2619 tiit
660 2564 742 2619 millia
757 2573 838 2630 nutu,
997 2565 1126 2621 Romanis
1141 2564 1219 2635 ripis,
1235 2575 1262 2620 et
1279 2575 1392 2635 utroque
1409 2567 1540 2633 superbus
1556 2566 1583 2622 in
1602 2582 1671 2638 agro

150 2657 186 2713 m
200 2656 306 2728 populis
320 2655 420 2712 Getieis
433 2656 491 2712 sola
505 2664 547 2712 est
561 2665 605 2712 tua
620 2656 705 2727 gratia
719 2655 808 2712 limes.
999 2655 1010 2696 ¹
1030 2657 1078 2714 Vel
1093 2657 1171 2723 ciris,
1185 2656 1228 2712 rel
1243 2656 1327 2712 victor
1341 2671 1412 2713 eras.
1426 2656 1478 2713 Sed
1495 2657 1599 2726 perdita
1614 2673 1731 2715 cernens

152 2743 251 2805 lulensi
266 2762 374 2818 semper
389 2747 476 2815 nobis,
490 2762 585 2818 pacem
602 2747 650 2803 tibi
664 2755 804 2818 praestant.
996 2747 1140 2803 'serrarum
1158 2747 1261 2818 spatia,
1281 2747 1408 2819 princeps
1424 2747 1481 2816 jam
1499 2748 1644 2818 Maximus,
1659 2765 1741 2805 unum

152 2837 282 2896 Victrices
297 2839 306 2896 i
322 2853 415 2908 prome
433 2839 557 2910 aquilas:
573 2838 625 2903 lae,
640 2838 752 2909 optimc,
768 2837 878 2894 chunos
996 2843 1073 2912 Quod
1093 2843 1143 2899 luit
1159 2842 1186 2899 in
1206 2843 1304 2911 rebus,
1324 2842 1499 2916 peditumque
1515 2847 1692 2919 equitumque
1709 2849 1787 2918 magi.

152 2929 269 2998 Quumm
284 2930 353 2986 lorte
367 2932 439 3001 prior
451 2933 512 3001 luga
528 2944 576 2986 uos
589 2938 763 2985 concusserat
774 2929 858 2998 olim,
1662 2939 1761 3014 [aarum
1834 2999 1844 3010 „

152 3021 196 3076 Bis
210 3022 295 3078 rietor
308 3020 438 3092 prodesse
452 3021 527 3075 mibi.
544 3019 590 3077 Sic
603 3021 683 3086 latus,
700 3028 728 3073 et
743 3019 788 3076 ille
997 3026 1037 3082 'le
1052 3026 1119 3087 sibi,
1134 3026 1224 3092 Avite,
1240 3026 1327 3097 legit:
1347 3027 1436 3084 collati
1451 3043 1545 3084 rumor
1561 3030 1675 3088 honoris

153 3115 289 3174 Pollicitus
302 3125 410 3182 totum,
425 3115 488 3170 lecit
500 3129 586 3184 spem.
603 3112 728 3169 Protinus
742 3111 806 3168 inde
960 3104 984 3167 C
1001 3117 1103 3174 invenit
1116 3118 1276 3186 agricolam,
1293 3117 1355 3174 tlcti
1371 3119 1434 3174 dum
1451 3120 1520 3195 torte
1534 3120 1635 3191 ligonis

153 3207 288 3275 Advolat,
302 3215 329 3264 st
343 3206 458 3262 lamulas
473 3206 499 3261 in
515 3205 606 3277 praelia
620 3204 736 3260 eoncitat
749 3204 813 3260 iras.
1000 3208 1115 3266 Exercet
1134 3207 1245 3274 dentes,
1264 3208 1305 3263 nel
1325 3208 1414 3279 pando
1429 3224 1530 3278 pronus
1543 3223 1635 3266 aratro

153 3303 231 3361 lbant
244 3301 344 3373 pellite
360 3309 421 3371 post
433 3299 547 3356 classica
562 3298 675 3354 Bomnla
690 3307 796 3365 turmas,
999 3297 1079 3370 343
1091 3298 1177 3354 Vertit
1193 3299 1360 3355 inexcoctam
1374 3317 1423 3373 per
1436 3303 1543 3373 pinguia
1560 3302 1655 3374 jugera
1672 3303 1795 3377 glebam,

154 3393 195 3453 td
208 3407 308 3451 nomen
321 3400 448 3450 currente
460 3391 545 3459 Geta;
560 3390 637 3447 timet
649 3403 704 3446 aere
716 3387 808 3446 rooari
1004 3390 1051 3449 sic
1067 3390 1202 3463 quondam
1218 3390 1252 3445 ad
1271 3394 1367 3464 patriae
1387 3407 1432 3450 res
1448 3392 1548 3449 liaeus
1564 3408 1667 3466 pauper
1683 3405 1775 3452 arator

189 3632 204 3663 ⁸
218 3624 319 3694 buplex
333 3623 384 3679 alia
400 3620 497 3695 legatio
511 3621 596 3679 Aviti.
609 3620 688 3677 Prior
698 3619 733 3676 ad
748 3618 949 3676 Theodericum
1001 3619 1043 3676 bis
1056 3621 1161 3676 ruinam
1176 3620 1348 3686 metuebant,
1359 3618 1410 3675 etsi
1423 3634 1555 3675 annorum
1571 3634 1717 3676 numerum
1731 3635 1798 3676 nnn

153 3697 294 3761 eumdem,
312 3708 373 3749 oum
395 3695 513 3750 irruente
534 3693 562 3746 in
585 3691 699 3748 Galliam
720 3691 802 3746 Attila
824 3690 947 3746 tolosam
999 3689 1062 3746 dum
1077 3692 1226 3760 explorant.
1245 3690 1350 3758 iupiter
1364 3688 1526 3745 Sidonianns
1539 3690 1645 3759 augurii
1663 3702 1795 3747 eventum

154 3766 224 3821 Aetli
238 3772 331 3833 rogatu
347 3764 481 3833 proiectus
493 3770 549 3828 est,
567 3769 598 3817 ut
617 3761 720 3818 Gothos
743 3762 771 3816 in
786 3760 851 3817 belli
873 3760 947 3816 llun·
1000 3763 1051 3816 sub
1064 3760 1134 3817 Actii
1153 3773 1180 3816 et
1195 3760 1373 3817 Valentiniani
1394 3759 1495 3815 eaedem
1515 3761 1674 3829 impendere
1694 3764 1796 3817 denun-

155 3836 208 3890 oici
222 3837 378 3889 societatem
393 3834 569 3900 pertraheret.
1000 3833 1062 3895 tiat,
1076 3847 1129 3903 quo
1143 3842 1263 3898 tempore
1275 3831 1341 3887 urbs
1360 3833 1443 3886 llum
1458 3831 1532 3887 mitta
1547 3832 1681 3887 ducentos
1699 3834 1793 3904 paucis

193 3903 327 3972 bllulgati
348 3904 431 3964 olim,
451 3902 580 3958 Scotusa:
604 3901 695 3971 seripti
712 3900 819 3958 Sceram
839 3902 945 3972 legunt,
1002 3903 1080 3957 annis
1095 3912 1259 3959 excesserat.

155 3973 354 4040 autseoerum,
369 3971 441 4045 quod
464 3987 513 4043 pro
534 3971 620 4042 Scyro
639 3974 673 4027 ab
692 3973 848 4042 antiquariis
866 3973 947 4026 scribi
1039 3973 1182 4042 ⁰'lempns
1199 3981 1288 4038 notat,
1306 3985 1468 4044 causamque
1487 3970 1570 4027 delati
1586 3971 1664 4027 Arito
1683 3986 1734 4042 per
1746 3971 1799 4028 Pe<

155 4044 280 4110 solitum,
296 4054 324 4098 ut
338 4059 443 4113 goerum
456 4057 505 4114 pro
520 4057 610 4113 pyrum
626 4041 695 4112 apud
710 4044 869 4096 Ariconium.
881 4043 948 4111 Sey·
1003 4043 1120 4097 tranium
1145 4042 1288 4098 blatimum
1311 4042 1414 4097 militie
1437 4042 1597 4114 magisterii.
1618 4041 1697 4098 uaso
1720 4043 1793 4098 enirn

156 4126 204 4171 sos
228 4125 318 4171 autem
343 4113 495 4184 Scytlricam
521 4123 645 4184 gentem,
670 4113 815 4167 Alanorum
843 4122 944 4178 partem
960 4138 987 4198 0
1001 4121 1062 4181 post
1080 4113 1150 4167 Aetii
1169 4128 1260 4169 siccem
1276 4112 1480 4179 Valentiniano,
1501 4127 1563 4168 eum
1584 4113 1720 4168 blaximus
1735 4128 1798 4182 pnrn

156 4183 239 4243 inisse
252 4186 331 4241 docet
344 4184 506 4250 domandos,
524 4197 625 4252 eosque
639 4189 700 4250 post
719 4180 809 4234 Attilae
830 4189 944 4235 mortem
1002 4196 1095 4252 puram
1109 4183 1255 4250 indarisset,
1269 4184 1397 4239 continuo
1411 4184 1498 4239 exorti
1513 4190 1575 4236 snm
1587 4184 1614 4236 in
1625 4182 1714 4239 Gallia
1728 4184 1795 4239 varii

156 4254 529 4326 lnbioesiaconsedisse,tum
541 4251 945 4322 postealldoaorcminltaliam
1000 4260 1089 4307 xantus
1113 4250 1274 4323 Gothorum,
1301 4255 1452 4320 Saxonum,
1479 4253 1739 4326 133Fraoeorum
1766 4266 1794 4309 et

157 4337 275 4382 secutos.
1000 4323 1219 4378 Alamannorum.
1242 4323 1283 4380 Ad
1302 4338 1370 4396 quos
1394 4325 1527 4378 sedandos
1551 4324 1618 4378 nihil
1642 4325 1795 4378 consultius

194 4406 207 4436 ι
222 4397 309 4465 lilim,
325 4395 425 4466 inquit,
445 4407 507 4448 eum
528 4391 575 4448 tibi
596 4391 724 4448 rictorem
745 4389 943 4446 Theudoricum
998 4395 1085 4449 risum
1100 4394 1225 4462 Maximo,
1237 4409 1316 4464 quam
1328 4403 1357 4449 nt
1368 4395 1475 4449 Avitum
1487 4394 1605 4465 peditum
1615 4393 1794 4466 equitumque

158 4465 192 4520 rd
211 4481 303 4536 pacem
319 4466 418 4521 hortari
441 4464 533 4533 libuit,
555 4462 634 4518 desiit
648 4475 763 4518 nocere:
780 4476 850 4516 nuuc
869 4462 894 4517 si
907 4463 946 4516 tis
998 4479 1046 4534 per
1059 4462 1160 4519 Gallias
1174 4466 1329 4535 magistrum
1343 4471 1458 4520 crearet.

159 4536 255 4590 iterum
270 4552 375 4606 rogare,
392 4537 511 4607 proderit
523 4533 579 4591 suis
593 4533 708 4588 auxiliis.
722 4532 767 4589 Sic
780 4547 844 4601 ergo
858 4532 948 4602 legen·
1037 4530 1047 4573 t
1064 4535 1273 4591 Alamannorum
1287 4536 1359 4591 enim
1379 4536 1458 4590 sedes
1477 4535 1503 4590 in
1518 4534 1614 4590 Suesia
1631 4542 1707 4590 trans
1724 4535 1796 4591 illie·

158 4604 221 4671 dus,
235 4613 263 4660 et
283 4606 483 4677 distinguendus
506 4605 549 4660 hic
572 4605 656 4661 locus.
676 4603 742 4658 Nam
764 4604 896 4659 sententia
919 4602 946 4658 iu
999 4618 1073 4658 num.
1090 4605 1165 4660 Nunc
1181 4605 1274 4661 libeno
1297 4606 1408 4675 trajecto
1430 4606 1583 4661 citeriorem
1604 4619 1714 4728 q‘uoque
1736 4604 1793 4660 Bo-

158 4672 272 4743 rulgatis
289 4675 360 4729 nulla
374 4685 441 4729 erat.
457 4675 512 4730 Nec
528 4676 616 4731 minus
628 4674 737 4742 elegans
750 4674 868 4729 clausula
883 4686 946 4727 ora·
1000 4689 1139 4731 manorum
1159 4677 1243 4746 ripam
1264 4675 1436 4731 inlestabant.
1457 4676 1548 4745 ltaque
1571 4675 1597 4729 in
1632 4689 1675 4742 ac,
1695 4675 1795 4742 idest,

157 4743 249 4810 tionis,
271 4758 323 4813 qua
346 4752 420 4812 optat
442 4745 551 4801 Biannos
570 4746 615 4815 qui
639 4744 709 4800 bello
731 4743 861 4810 Gothico,
884 4757 944 4798 ctnu
999 4744 1026 4799 ln
1046 4745 1182 4800 Gallicana
1204 4746 1329 4812 victores,
1356 4746 1383 4802 in
1405 4745 1564 4802 Germanica
1587 4760 1667 4816 quam
1693 4743 1798 4800 dantum

156 4814 303 4869 auxiliares
322 4823 430 4879 essent,
449 4815 510 4868 victi
534 4824 695 4881 nocuerant,
711 4815 848 4884 cladisque
871 4812 946 4868 bito·
999 4815 1160 4879 incolebant,
1173 4817 1246 4872 eires
1257 4825 1345 4872 erant.
1358 4815 1411 4872 Sed
1427 4831 1480 4871 nou
1495 4816 1578 4870 nauhu
1593 4822 1655 4882 post
1666 4815 1696 4869 in
1711 4816 1798 4873 Galli·

157 4883 239 4940 riane
254 4891 376 4940 auctores
395 4883 455 4954 luga
476 4899 525 4939 siaa
546 4884 666 4952 luerent,
682 4900 754 4940 nune
774 4900 835 4939 cum
855 4885 946 4939 hostes
997 4899 1091 4940 canam
1105 4892 1213 4956 qunque
1223 4888 1418 4957 immigramnt,
1433 4896 1569 4957 totamque
1581 4887 1653 4940 illam
1669 4886 1797 4942 blaximas

42 5006 44 5010 Α
156 4962 234 5020 suut,
248 4955 343 5009 iterum
356 4953 426 5008 rinei
441 4963 520 5025 atque
534 4955 570 5008 ita
583 4955 719 5010 bisvietos
734 4955 871 5024 prodesse.
998 4954 1183 5026 Sequanorum
1206 4966 1309 5027 partem
1333 4967 1498 5026 occuparunt
1517 4972 1577 5027 quae
1599 4969 1619 5010 a
1639 4955 1739 5012 Bheno
1760 4959 1797 5011 ad

194 5021 311 5080 dllarro
330 5023 400 5092 apud
421 5022 596 5079 Censorinum
614 5026 647 5079 de
667 5025 711 5080 die
730 5025 810 5080 natali
831 5037 891 5094 esp.
913 5024 946 5079 l'l
998 5023 1189 5096 innatansque
1208 5040 1326 5083 montem
1342 5029 1507 5097 porrigitur:
1526 5029 1569 5081 eui
1587 5035 1615 5081 et
1631 5040 1712 5083 nosae
1733 5027 1800 5083 Ala-

64 5161 67 5168 ?
157 5095 388 5160 narrat,audissc
400 5108 429 5148 ss
448 5109 480 5149 ex
497 5095 586 5151 Vettio
604 5098 754 5164 augure,si
768 5097 805 5149 ito
819 5106 897 5160 esset,
918 5102 947 5148 ut
999 5097 1113 5150 manaim
1129 5112 1227 5152 nomen
1242 5097 1373 5153 lecerunt.
1390 5099 1488 5168 chna
1503 5097 1611 5167 quidem
1624 5096 1797 5153 Cisrlienana

159 5167 288 5219 traderent
308 5164 422 5218 historici
442 5164 474 5218 de
491 5164 594 5219 llomrdi
614 5166 692 5221 llrbis
706 5167 845 5220 condenda
858 5167 947 5233 auspi-
997 5180 1044 5221 seu
1058 5166 1159 5221 Gallica
1176 5168 1347 5230 Aiaruannia,
1371 5179 1425 5222 tum
1445 5170 1489 5223 atii
1512 5169 1630 5237 passim,
1646 5177 1704 5223 tum
1727 5170 1797 5224 Gre-

158 5235 220 5301 ciis,
235 5250 265 5288 oo
285 5235 318 5289 ts
336 5234 477 5287 cultoribus
496 5237 616 5304 quonium
634 5238 685 5291 isti
707 5253 787 5290 enitor
810 5237 945 5290 incolumis
997 5237 1089 5305 gorius
1104 5237 1267 5294 'l'uronensis
1287 5241 1313 5292 in
1331 5238 1388 5293 Vita
1407 5239 1455 5294 SS.
1477 5238 1596 5307 Lapicini
1611 5249 1640 5293 et
1653 5237 1772 5294 Bomani
1791 5257 1797 5291 :

158 5309 309 5433 aristecisus
327 5303 438 5388 populus
458 5303 598 5370 llomonus,
618 5308 653 5360 od
671 5305 736 5362 tsntt
754 5317 944 5376 peruenturum.
998 5307 1053 5361 illu
1069 5305 1185 5362 dorensis
1205 5309 1298 5363 deserti
1317 5319 1427 5373 secreto,
1447 5323 1505 5380 qum
1528 5309 1593 5362 iuter
1611 5307 1799 5391 Burgundioni

184 5376 244 5447 ujus
256 5376 371 5432 natiemii
386 5389 519 5429 memores
536 5376 664 5441 llnmani,
680 5377 786 5431 Alarico
800 5378 827 5430 in
844 5376 945 5430 ltaliam
998 5379 1226 5450 Alemanniomqne
1240 5380 1299 5446 sito,
1311 5380 1439 5434 Auentinae
1449 5383 1569 5450 adjaceat
1580 5380 1687 5435 maisou.

164 5449 289 5514 inuento,
305 5457 334 5503 ut
347 5445 507 5502 claudianus
519 5444 553 5499 de
572 5444 643 5499 bello
663 5445 755 5501 Getico
773 5447 880 5513 scribit,
895 5446 946 5502 Ur·

195 5601 567 5660 ¹lladrianusvalesiusller.
581 5598 795 5670 Graminibus,
809 5601 943 5671 sagitt,
998 5602 1076 5672 stt.)
1096 5604 1211 5663 Bsomus
1230 5604 1366 5663 Sitmond.
1388 5605 1485 5675 editor,
1508 5602 1612 5676 pratas.
1637 5603 1671 5661 ad
1695 5614 1763 5663 tom.
1777 5605 1800 5674 l,

159 5678 238 5732 scribi
253 5677 307 5731 narb
324 5676 408 5731 Viaca.
428 5672 506 5744 (lide
522 5671 588 5728 inira
601 5679 694 5727 notam
707 5671 741 5724 ad
758 5687 841 5729 car-nn
856 5671 906 5738 Bi,
923 5687 948 5727 v.
1003 5676 1016 5746 5
1035 5676 1076 5728 lt.
