3788 6120
448 194 487 239 a·'

165 281 217 339 utu
783 273 813 332 S.
834 271 956 331 Fnbstt
977 268 1179 327 llllEGlEllSlS
1750 272 1802 333 ως

167 395 247 455 sinodo
259 392 363 451 arbitrii
375 392 486 448 libertas
498 388 648 452 asseritur,
666 386 746 442 modu
760 385 880 440 celestis
901 383 954 438 lar·
968 386 993 445 Α
1009 375 1064 438 tur.
1095 381 1171 436 llurm
1192 391 1255 435 reru
1270 378 1451 449 persuasionis
1465 387 1518 433 tare
1531 378 1680 450 reprobata
1697 394 1804 439 sensum

168 487 238 560 giras
252 485 469 553 demonstratur,
483 496 556 536 nuuc
570 479 652 534 bomo
663 479 699 532 dc
710 476 848 533 concessis
858 474 961 531 uiribus
1011 474 1145 531 catholica
1160 473 1311 527 detestatur
1331 471 1463 526 Ecclesia.
1479 470 1560 535 ldeo,
1574 471 1666 543 inquis
1677 511 1686 538 ‚
1697 473 1806 544 genitali

168 576 338 642 admonetur,
349 573 428 630 neda
440 573 498 628 sola
508 573 593 644 gratia
608 567 825 639 speretotiosus;
841 581 912 621 nunc
927 565 962 621 de
1010 565 1158 636 quamlibet
1176 563 1247 618 unda
1268 563 1370 633 pertusi
1393 578 1490 617 nunnus
1514 562 1640 632 baptismi
1661 578 1716 621 non
1735 567 1805 622 soei·

168 668 252 740 gratia
273 681 384 738 sperare
409 665 576 735 precipitur,
591 676 625 719 nc
637 661 672 716 de
686 659 745 714 solo
765 659 857 715 labore
870 657 907 714 sit
919 671 962 712 se·
1012 657 1097 726 piant,
1121 656 1183 724 quia
1206 654 1239 708 ad
1254 655 1415 723 baptismum
1438 652 1584 710 infideliter
1604 656 1729 710 ueniunt.
1751 657 1808 714 nm

170 772 260 815 curus.
276 755 330 813 Sed
353 754 422 810 dicis
439 772 445 806 :
462 754 490 808 Si
506 750 705 822 praedestinans
719 764 773 804 nou
797 756 853 814 est,
868 762 916 803 cur
933 748 961 802 in
1012 749 1048 803 itu
1062 756 1113 804 est.
1134 745 1251 802 Advorte
1271 747 1334 816 quia
1355 747 1409 801 buc
1428 745 1516 815 ipsum
1537 747 1570 802 ad
1585 747 1752 816 bequisruurn
1765 764 1809 806 se·

171 847 291 922 parvulis
312 845 358 927 alii
371 842 558 914 baptizantur.
574 840 620 896 alii
633 841 692 896 sine
705 838 829 909 baptismi
844 837 962 892 sauctih-
1011 838 1090 905 nire,
1103 845 1131 894 et
1143 838 1255 893 salutern
1270 836 1427 892 desiderare
1437 879 1446 902 ,
1456 835 1511 905 jaun
1526 836 1595 893 lidei
1611 847 1665 894 est.
1691 840 1811 906 θιαιιι·

171 924 279 995 catione
292 935 450 1006 rapiunturl
463 933 631 1003 Serpentinae
644 931 747 987 fraudis
767 940 819 996 cst,
838 929 872 986 ad
888 938 963 986 tene·
1012 946 1078 1002 que,
1096 929 1203 999 inquis.
1220 937 1280 998 post
1300 928 1461 998 baptismum
1477 939 1608 998 pereunt,
1622 930 1650 985 iu
1661 929 1751 985 stara
1767 947 1809 999 pu·
1848 945 1850 948 ’

171 1030 266 1090 brosas
279 1042 408 1084 cavernas
429 1024 523 1081 relicta
544 1023 604 1078 luce
627 1021 809 1092 transfugere,
830 1035 890 1076 cum
914 1034 963 1091 per
1012 1033 1103 1090 neunt,
1127 1025 1188 1092 quia
1210 1022 1237 1076 iu
1257 1022 1390 1090 baptismo
1415 1037 1467 1076 non
1493 1022 1677 1077 crediderunt.
1696 1023 1756 1078 lice
1769 1024 1811 1080 ius

171 1122 260 1181 omnia
281 1120 419 1174 volumina
434 1132 520 1171 sacrae
534 1115 630 1170 hinne
644 1114 783 1170 euidenter
795 1111 908 1168 liberum
923 1112 961 1167 lo
1013 1115 1118 1171 diceres
1141 1115 1203 1171 ideo
1223 1129 1270 1170 eos
1292 1116 1404 1184 periisse
1423 1122 1484 1184 post
1498 1115 1677 1185 baptismum,
1697 1117 1761 1186 quia
1777 1117 1810 1173 ad

170 1221 287 1282 quantur
307 1210 460 1265 arbitrium.
475 1208 544 1275 Quid
560 1207 673 1263 rationis
687 1216 729 1261 est
743 1214 772 1262 ut
794 1205 963 1275 interrogare
1013 1211 1106 1280 gratiae
1125 1208 1225 1264 donum
1245 1209 1359 1277 jungere
1382 1208 1526 1263 noluerunt
1549 1209 1651 1264 laboris
1674 1210 1810 1277 alliciam,

171 1305 238 1362 velis
252 1303 368 1370 occulta.
380 1318 441 1358 cum
454 1299 628 1356 sollicitudini
641 1307 693 1355 tuae
704 1297 861 1369 plenissime
871 1297 964 1352 uideas
1014 1304 1076 1372 quia
1092 1317 1139 1357 cos
1151 1301 1353 1357 consuetudinis
1367 1299 1540 1370 negligentia,
1551 1300 1693 1370 cordisque
1706 1301 1811 1357 ‹lesidia

171 1396 340 1468 respondere
353 1392 513 1450 manilcstal
526 1391 597 1460 Quid
611 1391 734 1446 utilitatis
742 1398 785 1445 est
796 1398 869 1445 certa
884 1388 965 1442 omit·
1015 1407 1030 1448 a
1045 1392 1182 1462 vigilantia
1197 1392 1302 1461 operis.
1319 1399 1346 1446 et
1359 1404 1373 1443 a
1384 1389 1507 1445 sollicite
1518 1390 1658 1446 seruitutis
1671 1391 1813 1446 macerit

172 1503 230 1546 tere
244 1529 253 1556 ‚
272 1498 300 1546 et
313 1487 416 1544 ineerta
439 1487 601 1552 consulere,
614 1485 648 1540 de
662 1482 760 1553 quibus
775 1481 841 1537 nihil
860 1481 964 1535 iuuenis
1015 1485 1156 1541 industrio.
1170 1485 1246 1551 Quuod
1261 1484 1284 1539 si
1299 1484 1376 1554 culpa
1388 1483 1585 1540 incredulitatis
1597 1499 1679 1542 caasa
1690 1494 1735 1541 est
1748 1500 1813 1555 per.

173 1580 304 1637 catholica
329 1577 445 1649 lectione
459 1575 659 1644 couscriptum?
670 1572 729 1630 Nun
751 1572 876 1643 intelligis
893 1571 963 1642 quod
1016 1576 1139 1640 ditionis,
1163 1576 1227 1644 quud
1248 1577 1283 1631 de
1296 1575 1415 1644 paruulis
1428 1575 1598 1642 sentiemus,
1612 1575 1712 1645 quibus
1726 1576 1753 1631 in
1766 1591 1813 1647 pa·

172 1676 200 1730 in
220 1673 342 1742 ueritatis
358 1670 483 1740 iujuriam
500 1667 696 1738 perscrutaris,
716 1665 846 1737 quidquid
866 1665 966 1718 ueritas
1016 1676 1123 1725 rentum
1134 1667 1287 1735 deuotione,
1295 1676 1323 1723 et
1332 1667 1361 1723 iu
1371 1667 1497 1723 lactemis
1507 1666 1628 1724 infantiae
1638 1668 1814 1738 simplicitate

174 1767 244 1821 scire
259 1774 285 1821 te
308 1763 415 1819 noluitl
439 1759 576 1816 blateriam
602 1759 636 1814 de
656 1756 731 1812 liberi
744 1755 847 1810 arbitrii
861 1755 965 1810 ratione
981 1746 1129 1829 Blntegrae
1152 1758 1214 1814 hilei
1236 1759 1375 1834 pervigilis
1389 1759 1562 1829 deputantur.
1584 1760 1629 1830 qni
1640 1759 1744 1828 absque
1756 1760 1814 1814 ulle

174 1854 317 1929 proponis,
334 1863 362 1910 et
378 1853 411 1908 ad
422 1852 620 1909 discutiendum
631 1847 750 1904 infantiae
761 1856 860 1905 statum
874 1845 966 1915 perui·
1019 1848 1183 1906 iuhdelitatis
1198 1848 1318 1917 periculo
1339 1849 1507 1904 immaculata
1521 1850 1739 1921 regenerationis
1751 1865 1812 1905 mu-

174 1962 248 2002 cunso
263 1937 356 2001 erroro
370 1943 514 2010 dilaberis,
529 1942 555 2004 in
575 1957 627 2011 quo
641 1941 741 1994 nullum
764 1939 870 2008 penitus
886 1935 967 1990 vcsti-
1018 1956 1082 1996 nera
1104 1948 1306 2008 consequuntur
1318 1980 1326 2007 ,
1340 1949 1368 1996 et
1383 1940 1458 1996 multi
1472 1956 1567 1997 eurum
1581 1957 1711 2011 processu
1726 1945 1816 1999 aetatls

178 2043 251 2110 glum
264 2038 339 2094 liberi
355 2035 469 2100 arbitriis
484 2035 587 2090 nullum
599 2046 729 2103 apparere
742 2038 831 2101 potest
850 2027 967 2099 proprias
1018 2032 1046 2087 in
1060 2033 1155 2086 mortis
1169 2032 1313 2102 piscinula
1324 2031 1533 2104 demerguntur?
1544 2032 1611 2103 Qaae
1623 2034 1650 2089 id
1663 2036 1736 2090 ratio
1748 2037 1816 2106 agit.

177 2123 324 2187 uruluntatis
342 2128 480 2185 iudiciuin.
1018 2125 1070 2180 nisi
1084 2125 1145 2194 quia
1160 2125 1304 2195 expugnari
1319 2140 1349 2180 se
1360 2127 1495 2195 patiuntur
1510 2127 1613 2196 ignaria
1631 2131 1816 2185 resolventel

473 2219 586 2275 Chl'll'l
606 2217 664 2272 xil.
1020 2216 1053 2271 Et
1074 2232 1181 2270 ‹au-am
1197 2232 1244 2270 eur
1268 2216 1343 2272 tracti
1366 2216 1521 2272 uiderentur
1541 2219 1813 2292 expositumque

176 2310 272 2369 cunin
300 2308 348 2364 hoo
367 2308 435 2379 quod
464 2308 573 2372 dionunt.
593 2325 634 2362 rna
661 2307 705 2375 qui
731 2314 787 2375 post
813 2304 968 2377 baptismum
1021 2308 1238 2375 incredulitatem,
1252 2310 1347 2378 nquit,
1362 2309 1582 2377 [roctisnnhnon
1597 2311 1689 2381 utique
1704 2323 1817 2383 propter

247 2391 362 2471 perennet,
374 2381 400 2433 in
411 2378 563 2448 baptismum
573 2379 671 2449 pertitus
684 2376 895 2431 rronrredidirso.
1020 2398 1225 2468 pfaescqempam·
1253 2399 1313 2454 Non
1334 2400 1477 2470 specialem
1499 2415 1560 2457 em
1577 2404 1649 2457 epm
1669 2406 1815 2461 medem,

205 2486 270 2550 “lluc
291 2495 350 2549 loco
366 2491 581 2562 respondendum
600 2499 657 2558 est,
673 2491 698 2544 ln
713 2505 767 2560 quo
788 2500 897 2546 auctore
917 2490 967 2546 hoc
1020 2490 1069 2547 bei
1083 2491 1291 2546 munihccutium
1306 2490 1385 2546 ducet
1397 2530 1406 2558 ,
1420 2491 1528 2562 qiaandu
1541 2501 1567 2547 et
1582 2506 1630 2547 ecs
1643 2509 1713 2563 quos
1725 2496 1816 2552 iucre-

176 2583 968 2659 lcgis‚dequodocturehocassererepraesunuslEtcumin
1019 2583 1141 2640 dulitatis
1159 2585 1262 2655 arguit,
1279 2585 1390 2641 credere
1410 2586 1530 2655 potuisse
1552 2587 1733 2647 demonstrat.
1755 2589 1816 2656 Qure

181 2660 316 2753 baptismo
330 2661 431 2735 sleleri
444 2684 581 2743 peccatum
596 2674 725 2744 originale
736 2688 788 2728 non
801 2675 927 2744 deneges,
941 2683 970 2730 ot
1018 2690 1119 2744 genere
1134 2676 1214 2730 etianr
1230 2674 1353 2730 inlidelcs
1373 2676 1477 2744 capiam
1501 2675 1563 2730 liutei
1577 2679 1717 2745 accepisse
1730 2680 1817 2733 unni-

179 2768 284 2836 llrmunu
310 2781 372 2822 csse
394 2766 529 2836 baptisma
552 2765 757 2834 comprobetur,
784 2765 828 2818 ubi
855 2765 968 2820 indivisa
1020 2768 1119 2835 lestut,
1133 2779 1161 2825 et
1179 2769 1241 2823 dum
1256 2769 1290 2824 dc
1305 2769 1471 2826 naturalibus
1495 2769 1593 2826 tractos
1611 2770 1698 2837 dicit,
1714 2788 1816 2842 prnsu-

178 2857 295 2928 Trinitas
317 2864 468 2920 'uiolaturi
483 2855 516 2910 dl
539 2869 634 2924 (ΝΜ
648 2854 745 2923 «quibus
759 2855 907 2922 Mittimus
922 2854 970 2908 ³⁴¹·
1020 2870 1124 2916 ruentes
1148 2860 1287 2917 salutifera
1310 2860 1488 2931 castigatione
1509 2863 1692 2930 compressit:
1711 2863 1759 2929 Si,
1774 2864 1816 2920 in·

174 2949 318 3025 hucirrtru
339 2947 457 3020 debitum
479 2947 610 3016 originale
631 2948 780 3003 consistat?
795 2947 829 3002 Et
843 2947 910 3016 ipsi.
926 2948 969 3001 ht·
1019 2955 1094 3022 quit,
1105 2951 1266 3006 nntrrruiibua
1278 2953 1357 3007 rumis
1374 2969 1424 3006 non
1440 2954 1562 3024 pepercit,
1575 2969 1608 3007 ne
1627 2958 1695 3023 [nte
1709 2971 1756 3010 nec
1769 2956 1816 3010 tibi

179 3044 291 3115 quisgiu
302 3041 388 3098 hdam
404 3049 532 3112 pereunt,
546 3043 608 3113 quia
628 3043 655 3097 iu
670 3043 830 3112 baptismum
841 3058 894 3098 raon
908 3057 970 3099 cre·
1021 3053 1121 3112 parcat.
1138 3045 1171 3099 bt
1183 3045 1312 3100 subdidit.
1328 3043 1361 3099 Et
1374 3046 1423 3108 ili.
1438 3046 1540 3116 iuquit,
1564 3047 1587 3100 ri
1600 3062 1652 3100 non
1662 3062 1815 3115 perennare·

183 3135 321 3207 diducunt.
336 3132 550 3202 Nonrnetupaulo
560 3141 623 3188 ante
633 3132 791 3195 dicebas.ad
806 3104 1007 3203 capescendaC
1022 3135 1073 3190 rint
1087 3135 1113 3190 in
1135 3135 1329 3199 increduiitate.
1347 3139 1509 3194 insuantur:
1523 3146 1612 3206 potem
1626 3147 1663 3191 est
1680 3137 1753 3195 Deris
1768 3140 1816 3193 ite·

180 3227 229 3299 bqi
243 3227 312 3294 dpua
327 3223 445 3298 studium
458 3224 573 3280 hominis
584 3239 637 3278 non
651 3224 768 3294 requiri?
789 3225 859 3280 liccc
872 3235 900 3279 ιιι
914 3225 972 3295 ipsc
992 3286 995 3293 ,
1019 3234 1078 3282 reru
1088 3228 1200 3283 inserere
1211 3228 1281 3283 illos.
1306 3229 1549 3300 magnanimitatem
1564 3231 1654 3300 itaquis
1669 3229 1714 3285 hie
1728 3242 1756 3288 et
1767 3231 1816 3286 ho·

180 3320 400 3385 manifestissimo
419 3318 555 3390 prothesis
573 3319 633 3376 sine
651 3320 808 3387 accipientis
827 3318 971 3374 devotione
1021 3319 1161 3373 militatem
1184 3319 1274 3375 cordis
1293 3321 1448 3393 alloquitur.
1472 3323 1670 3388 timothcum,
1687 3334 1717 3378 nt
1732 3328 1814 3396 etqui

180 3408 283 3481 irritem
307 3425 369 3480 esso
383 3407 595 3465 niuuuhcenunm
614 3409 761 3480 largientis.
771 3409 829 3476 lu,
842 3409 970 3478 inquam,
1022 3410 1140 3466 incertus
1152 3419 1194 3466 est
1205 3410 1289 3481 irangi
1302 3413 1409 3479 timeut;
1426 3415 1683 3483 magnanimorum,
1696 3426 1725 3471 ut
1739 3432 1814 3486 spem

179 3501 240 3571 ipse
251 3503 396 3569 contlrmss
410 3501 469 3558 siue
484 3503 580 3557 merito
595 3501 669 3565 bdei.
684 3501 709 3556 id
725 3509 767 3557 est
778 3542 786 3568 ,
799 3500 860 3557 sine
874 3515 972 3569 coope-
1021 3505 1254 3569 rcruunerntionis‚
1271 3515 1298 3559 et
1312 3507 1356 3575 qui
1370 3506 1470 3561 tractus
1482 3516 1535 3572 est,
1552 3522 1606 3563 non
1617 3509 1748 3579 deponat.
1766 3511 1811 3567 Sic

185 3593 290 3665 rationo
303 3593 446 3648 uoluntatis
469 3592 610 3656 humanas,
622 3592 736 3663 gratiam
752 3592 818 3646 nihii
831 3593 970 3661 prodesse,
1020 3609 1098 3649 ouem
1109 3596 1241 3664 perditam
1251 3608 1340 3666 pastor
1351 3598 1461 3652 sedulus
1472 3599 1619 3670 inquisivit,
1637 3610 1665 3656 et
1679 3603 1815 3659 inuentum

179 3693 208 3743 et
220 3681 354 3753 quomodo
367 3681 451 3748 dicis,
467 3690 550 3738 totum
568 3683 637 3738 benus
654 3680 703 3736 sibi
719 3680 752 3737 de
766 3691 836 3736 statu
856 3681 970 3735 hominis
1021 3686 1149 3755 aurisiensis
1164 3686 1196 3741 ad
1212 3688 1283 3742 nuile
1305 3687 1425 3742 inumeris
1440 3692 1594 3759 reportarit.
1612 3691 1757 3760 Quomodo
1768 3711 1812 3747 sr-

184 3774 353 3839 rescrrauit,
367 3783 393 3829 et
404 3773 471 3829 nibil
485 3773 586 3829 homini
597 3773 687 3829 dediti
698 3774 768 3830 Eece
782 3774 861 3829 etiam
873 3788 970 3828 secun·
1020 3790 1145 3848 quentcm
1161 3779 1337 3850 relinqueret,
1360 3779 1406 3850 qui
1426 3781 1546 3852 sequitur
1560 3785 1643 3841 etiarn
1656 3785 1814 3857 relinquen-

179 3863 244 3921 duuu
258 3865 423 3920 sententiam
442 3873 513 3919 tuam
530 3880 580 3920 nec
593 3865 679 3934 ipsum
695 3865 745 3921 sihi
760 3864 970 3935 regenerationis
1020 3875 1074 3923 tenu
1091 3869 1102 3922 l

170 3964 402 4027 ,pooestcortstare
416 3955 592 4026 mysterium,
607 3955 658 4010 nisi
674 3954 755 4011 bomo
766 3957 841 4027 justa
860 3954 969 4011 bernadi·
1317 3941 1429 4000 CAPUT
1449 3943 1518 4002 ΠΙ·

179 4048 276 4111 abab
296 4048 395 4104 donum
414 4047 565 4104 adhibuerit
585 4048 750 4105 credulitatis
769 4048 905 4105 allectum.
920 4049 969 4105 coi
1019 4051 1115 4110 Contra
1140 4055 1189 4110 boc
1209 4057 1278 4126 quod
1301 4056 1399 4124 diruat,
1420 4059 1549 4114 Christum
1562 4075 1613 4114 non
1631 4076 1680 4131 pro
1699 4061 1814 4117 oneribus

181 4155 264 4213 negas
275 4150 411 4208 conatum,
423 4140 486 4211 quid
496 4139 531 4194 ab
545 4140 592 4195 illo
605 4140 719 4210 requiris
732 4141 889 4193 assensum?
900 4139 966 4195 Cunna
1355 4136 1494 4184 mollitum·

171 4245 269 4291 ,sutem
288 4234 416 4303 propbeta
430 4231 524 4287 dicata
541 4229 654 4285 Euocat
674 4244 747 4299 oque
768 4230 830 4283 nutu
848 4231 881 4285 dr
893 4227 970 4286 Jeru-
1057 4233 1197 4290 bomimun
1208 4247 1329 4292 uestrum
1340 4237 1431 4295 tesan
1438 4239 1658 4296 Christumsiunt
1669 4241 1812 4298 humanans

178 4324 263 4396 solem
278 4320 370 4396 (loch.
384 4323 452 4391 arv),
464 4317 596 4387 iniquibus
609 4318 698 4373 uitalis
709 4319 788 4373 unde
801 4330 969 4376 sacramenta
1020 4338 1130 4381 munem
1145 4340 1198 4381 non
1214 4342 1262 4396 pru
1277 4328 1397 4384 omnium
1411 4330 1499 4386 salute
1511 4331 1679 4400 sumpsisse,
1701 4347 1752 4389 nec
1764 4347 1812 4403 pro

180 4416 322 4487 designat,
344 4412 480 4488 quomedo
493 4411 551 4468 leri
566 4420 655 4481 potest
677 4421 706 4466 ut
722 4411 863 4467 innovatus
887 4411 968 4466 homo
1021 4416 1145 4472 omnibus
1158 4428 1291 4475 mortuum
1302 4434 1372 4476 esse.
1385 4419 1612 4478 llucomuimodis
1623 4423 1758 4480 catholica
1769 4424 1812 4479 de·

172 4505 296 4566 ¹tieletum
307 4507 418 4565 ueteris
430 4501 546 4573 beminis
560 4501 712 4559 cautionem
730 4516 822 4559 secum
837 4503 969 4559 retincatl
1022 4514 1134 4562 testeum
1146 4508 1276 4564 Ecclesia.
1290 4508 1357 4565 Nam
1371 4510 1394 4566 si
1409 4512 1445 4566 ita
1458 4512 1812 4585 essehqoomodohporto·

177 4599 313 4668 quomodo
328 4600 386 4663 [ieri
409 4607 541 4671 potcstut
555 4613 616 4655 cunr
631 4596 721 4654 debito
739 4595 968 4655 bdasincbristo
1012 4596 1200 4664 insumeret:
1216 4598 1332 4655 Siculis
1355 4600 1438 4655 nuum
1459 4617 1547 4658 omnes
1558 4604 1810 4671 morisntsmtnis

177 4688 322 4752 alissimus,
332 4691 474 4759 resurgant
484 4690 625 4758 Quomodo
636 4687 695 4745 lieri
709 4695 799 4759 potest
811 4697 841 4743 ut
851 4688 885 4746 de
897 4689 967 4747 sacri
1019 4687 1120 4745 Christo
1131 4705 1217 4746 ornnes
1226 4692 1422 4762 vivificabuntur
1441 4692 1471 4765 (l
1486 4694 1547 4751 Gor.
1561 4693 1745 4768 arilllicdlci
1759 4712 1810 4754 non

179 4779 260 4837 tontis
275 4777 375 4849 irriguo
388 4793 450 4850 cum
472 4779 599 4850 adoptivo
613 4780 659 4836 bel
678 4778 767 4834 adbuc
783 4786 898 4835 mortem
913 4779 967 4835 rlta
1019 4788 1109 4851 potest
1129 4797 1179 4852 pro
1193 4791 1270 4852 parte
1284 4792 1380 4839 toturn.
1400 4783 1467 4840 llam
1481 4786 1553 4841 sicat
1564 4799 1627 4856 pars
1641 4787 1729 4857 prima
1745 4801 1807 4844 sen·

180 4857 320 4943 parturiat,
337 4886 398 4927 cum
411 4870 483 4926 dieat
493 4870 636 4940 Apostolus
651 4871 855 4943 :Quanquam
865 4869 967 4928 choro
1022 4872 1129 4939 tentis,
1148 4889 1235 4929 omnes
1248 4875 1277 4928 in
1291 4873 1374 4929 suan
1387 4876 1550 4944 ιιιοιίιιιιιιιι,
1564 4877 1705 4935 evidenter
1719 4886 1810 4935 osten·

174 4966 303 5038 ιιιιᾷιιιιὶ
322 4965 402 5031 nur,
426 4963 556 5023 cirinum
575 4965 696 5021 indolens
717 4964 789 5036 (cot.
808 4965 868 5037 trull
887 4979 968 5037 queas
1020 4960 1061 5017 dit
1083 4962 1144 5019 siue
1162 4963 1243 5020 dubio
1258 4965 1390 5036 hocquod
1404 4967 1543 5037 sequitur,
1563 4969 1590 5023 ia
1606 4966 1811 5026 chrisiosnrnsa
1885 4994 1889 4996 ⁷

180 5056 270 5127 utiquc
281 5055 372 5127 uultus
384 5053 498 5110 induere
513 5062 619 5124 potest,
633 5055 684 5109 nisi
703 5055 858 5111 indumenta
873 5056 967 5125 primas
1020 5053 1223 5121 vivificabuntur,
1240 5055 1413 5112 nibilominus
1432 5056 1466 5113 ad
1480 5071 1575 5114 omnes
1589 5059 1617 5114 iu
1629 5057 1809 5116 cbristoriri·

179 5146 327 5215 rtatiuitstts
347 5146 462 5202 exuerit.
475 5147 627 5203 Cuiautem
644 5146 678 5202 ad
691 5146 852 5218 baptismum
873 5154 968 5216 sponte
1021 5144 1152 5211 beandos,
1176 5161 1228 5201 non
1252 5162 1286 5202 ex
1305 5158 1392 5216 parte,
1417 5147 1466 5204 sed
1487 5148 1648 5219 generaliter
1674 5151 1810 5221 pertinere

180 5237 309 5306 venienti.
322 5237 484 5305 baptismum
500 5253 552 5293 nou
571 5237 707 5307 proluisse
721 5237 822 5307 poteris
842 5237 966 5307 edocere,
1022 5236 1165 5305 spostolus
1181 5237 1318 5294 indicauit.
1335 5237 1416 5295 iidem
1436 5238 1518 5295 etiam
1529 5240 1603 5310 impli
1622 5253 1672 5310 psr
1684 5243 1811 5297 ιιιιιιιοιιι

179 5330 334 5405 mineburn
346 5329 484 5397 haeretico,
498 5329 525 5384 in
538 5329 678 5386 Trinitatis
688 5331 797 5386 nomine
808 5338 965 5400 regenerato
1022 5329 1227 5384 resurrectionis
1249 5328 1348 5385 Christi
1371 5329 1548 5386 resuscitandi
1570 5343 1633 5387 osse
1653 5329 1811 5396 ιιιιιιιιιιιιι,

180 5434 283 5489 tourtam
306 5439 355 5495 per
373 5438 404 5480 se
421 5423 511 5485 ,uirtus
531 5423 588 5493 ipsa
603 5424 724 5494 mysterii
738 5425 874 5490 conterat,
889 5430 918 5479 ιιι
942 5422 966 5478 si
1020 5418 1084 5475 licet
1102 5419 1182 5474 ctiam
1208 5433 1260 5474 non
1272 5418 1492 5489 judicandi,sed
1507 5419 1636 5490 puniendi
1657 5429 1811 5492 resurgant.

181 5515 352 5585 postmodum
377 5515 410 5570 ad
423 5515 524 5572 Christi
547 5513 627 5570 Mem
646 5522 783 5583 transcat,
800 5513 967 5585 baptismatis
1020 5509 1187 5566 coenantem
1201 5509 1346 5581 Apostolus
1357 5509 1429 5566 dieat
1440 5525 1447 5567 ε
1460 5510 1513 5576 Qui
1525 5519 1562 5567 est
1575 5510 1689 5565 moeror
1699 5511 1813 5567 οιιιιιίιιιι

107 5594 116 5609 ’
180 5604 323 5663 menone
337 5623 389 5664 oon
406 5606 502 5679 egesti
513 5604 566 5665 scd
578 5606 613 5660 ita
622 5613 752 5673 operante
762 5605 849 5675 gratia
860 5603 966 5659 ablutus
1019 5601 1163 5671 hominum,
1178 5603 1289 5658 aramme
1306 5602 1421 5672 fidetium
1436 5601 1465 5672 (l
1479 5601 1548 5660 Tin.
1573 5602 1611 5670 ιι)
1626 5603 1720 5675 :qued
1734 5602 1811 5669 dixit,

180 5693 366 5776 iudicetur3ut
384 5709 485 5776 ιιιιιιιιιι
501 5695 685 5764 benedictione
699 5696 852 5754 chrismatis
871 5695 968 5752 indua·
1021 5694 1133 5750 asamona
1151 5692 1301 5762 lentinum,
1320 5693 1355 5752 ad
1373 5694 1540 5764 propositum
1564 5691 1664 5751 divine
1683 5692 1812 5752 bonitatis
