3788 6120
122 284 160 339 45
797 269 962 328 cristulis
984 269 1037 324 tlttl
1715 268 1750 324 ld

121 404 150 448 et
161 394 233 461 justa
247 395 327 451 sunt,
342 385 446 469 nostris
458 398 564 454 quotpae
585 381 749 453 temporibus
763 383 850 452 eloqui
868 397 913 450 po·
926 388 951 446 Α
967 394 1022 434 ram
1036 379 1114 449 lunge
1128 380 1231 450 potiora
1245 396 1324 450 quam
1338 382 1416 452 cupio
1433 400 1439 434 :
1454 383 1501 439 sed
1517 386 1567 439 ntei
1578 400 1680 439 anetttnr
1693 385 1752 441 oill-

123 482 223 539 tentias
235 479 342 534 Domini
357 479 399 531 tir
414 477 540 547 quaelibet
554 476 669 530 bumana
685 475 774 545 lingua
788 476 911 530 suldciet.

122 575 190 641 Quis
212 571 312 627 etenim
337 569 423 624 valeat
445 569 488 623 rel
508 567 668 638 cogitatione
690 570 846 637 eourpteett,
872 569 913 624 tel

121 681 190 722 auce
204 665 376 734 depromere,
390 658 461 730 quod
474 660 500 714 in
514 660 572 730 ipso
585 660 722 731 utriusque
736 660 775 714 rei
791 659 914 715 laboran-

121 759 160 814 tis
172 755 288 812 articulo
301 762 329 810 et
341 753 409 808 rotis
431 751 544 822 publicis
557 751 693 822 religionis
707 762 806 807 sauctte
825 752 915 806 reddi·

120 849 225 905 ‹litsos
240 843 341 917 quieti,
360 842 410 898 nisi
426 841 496 913 quod
521 842 586 897 tanti
605 843 820 898 consideratione
833 843 914 898 mira·

122 941 178 996 culi
193 938 362 995 clamandum
373 944 416 990 est
430 949 490 989 cum
506 935 657 1004 propbeta:
674 933 738 988 lluc
752 944 788 989 est
808 937 914 990 nantario

122 1034 238 1085 dateroe
250 1028 343 1098 eaccld
359 1024 445 1096 (Ptol.
460 1023 565 1094 artur),
581 1040 640 1094 quae
651 1025 801 1081 exaltantes
816 1039 914 1082 mmet·

109 1122 206 1192 ‚ipsos
215 1128 342 1193 potenter
350 1115 482 1181 ltumiliat,
498 1126 525 1169 et
541 1114 712 1170 ltutrtiliautes
727 1130 756 1169 se
768 1117 915 1174 clementer

123 1212 247 1269 eraltatl
268 1209 296 1264 ln
317 1210 413 1280 quibus
431 1208 510 1262 etiam
527 1207 551 1262 si
567 1208 773 1275 dispensationis
792 1223 915 1277 supernas

125 1305 249 1376 enguciae
262 1316 388 1357 mensura
407 1300 529 1366 libretur,
550 1299 669 1368 prolecto
684 1299 821 1356 euidenter
836 1316 916 1371 appa·

124 1407 185 1464 ret,
204 1396 268 1471 ¹ideo
283 1393 444 1465 peritiorum
468 1391 608 1459 irrepsisse
630 1391 791 1459 perniciem,
807 1401 836 1447 ut
851 1392 916 1449 lidus

121 1487 275 1544 clementiae
306 1495 359 1538 tuae
388 1483 468 1537 etiam
499 1482 569 1535 luter
600 1481 712 1535 aduersa
740 1481 914 1550 prttbaretur;

120 1588 283 1649 quantoque
305 1576 389 1644 magis
412 1572 491 1627 rebus
513 1572 599 1641 urgeri
623 1570 777 1626 crederetur
796 1570 914 1638 infestis,

120 1680 199 1725 tante
216 1670 312 1724 clarius
325 1676 411 1720 restra
426 1663 630 1733 magnanimitas
643 1661 796 1717 immineret
814 1678 821 1715 a
837 1671 917 1732 atque

965 473 1009 537 cii,
1028 474 1053 528 in
1066 474 1134 530 banc
1149 483 1250 545 parturn
1265 475 1432 530 cletuentiam
1447 487 1518 531 tuum
1532 475 1593 532 ideo
1607 477 1751 547 prolixiore

965 562 1058 618 burtor
1080 564 1209 634 alloquin,
1235 567 1296 635 quala
1317 566 1421 634 imperii
1437 568 1472 620 tui
1497 567 1598 637 pariter
1612 577 1640 623 et
1658 568 1752 625 miralie

964 653 1072 719 affeetu,
1084 655 1138 711 illis
1159 667 1184 711 to
1201 657 1288 711 cattsit
1303 657 1435 712 iuberet-e
1449 673 1556 728 seatrpor
1568 672 1677 728 exopto,
1691 660 1753 730 qni·

965 745 1014 800 bus
1033 746 1099 801 solis
1113 757 1140 801 et
1150 748 1294 816 praesentis
1310 749 1382 818 regui
1399 750 1529 803 stabilitas
1540 752 1710 808 custoditura
1726 762 1753 805 et

966 836 1059 892 aeterni
1069 837 1154 907 gloria
1169 847 1349 908 consputatur.
1367 838 1442 894 Urtde
1462 849 1524 895 ante
1539 841 1629 895 orama
1645 855 1750 909 precor,

966 936 995 982 ut
1015 928 1222 984 Alexandrinam
1247 930 1394 984 Ecclesiam
1424 947 1476 984 utin
1497 933 1585 986 minuas
1610 947 1624 985 a
1649 931 1753 989 lunesto

966 1031 1045 1086 quam
1067 1018 1102 1072 ab
1118 1019 1243 1074 ltaeretico
1258 1035 1400 1090 pervasore
1415 1023 1564 1076 clementiae
1584 1032 1681 1078 restrae
1699 1023 1754 1079 dis·

968 1113 1145 1182 positinrtibns
1161 1115 1317 1183 liberatam,
1333 1116 1466 1170 catltolico
1485 1132 1517 1172 ac
1538 1118 1656 1187 legitimo
1676 1118 1753 1172 resti·

967 1202 1004 1256 tui
1019 1204 1151 1258 cerussatis
1163 1205 1293 1269 antistitl;
1315 1208 1407 1275 cisque
1427 1207 1508 1260 etiam
1523 1223 1589 1276 quus
1603 1207 1754 1265 temeritate

966 1293 1097 1348 diabolica
1111 1295 1225 1350 dirersis
1244 1297 1365 1350 ecclesiis
1376 1296 1514 1351 ordinasse
1530 1297 1683 1365 perlribctnr
1698 1299 1755 1366 eje·

966 1385 1026 1449 ctis,
1043 1400 1123 1441 rectae
1138 1387 1197 1441 bdei
1211 1387 1348 1456 subrogari
1362 1388 1530 1443 constituatis
1547 1388 1688 1456 episcopos
1702 1404 1710 1443 a
1725 1399 1754 1442 nt

966 1478 1035 1531 sicut
1050 1477 1241 1546 retttpublicam
1257 1487 1401 1535 restratus
1416 1479 1555 1551 tyrarmica
1570 1477 1754 1534 dominatione

968 1570 1115 1638 purgastiS,
1132 1569 1167 1622 lta
1180 1570 1276 1639 ubique
1294 1569 1440 1625 Ecclesiam
1457 1570 1502 1624 Dei
1519 1570 1552 1624 ab
1567 1569 1753 1626 baereticorum

968 1659 1115 1714 latrociniis
1143 1670 1222 1728 atquc
1245 1660 1374 1730 contagiis
1401 1663 1519 1724 exuatis;
1544 1675 1594 1715 nec
1619 1662 1644 1715 id
1667 1662 1755 1730 potius

120 1761 159 1816 ob
185 1764 236 1814 buc
260 1755 471 1814 nanettetndinis
501 1766 595 1808 uestra
618 1752 652 1808 de
672 1754 912 1822 Constantinopoli·
931 1750 1116 1817 Bpraeralere
1140 1751 1286 1819 patiamini,
1307 1751 1379 1820 qrtud
1401 1751 1527 1819 iniquitas
1550 1759 1711 1820 toringorum,
1727 1761 1755 1805 et

121 1859 189 1904 tana
202 1848 267 1902 urbe
278 1847 433 1916 protonisso
445 1845 602 1908 discessum,
614 1854 642 1895 nt
653 1843 834 1898 unitcrsorum
845 1844 915 1899 desi·

118 1939 209 1995 deriis
223 1916 351 2009 expetiti,
373 1937 455 2006 gloria
475 1935 575 2002 majore
592 1933 732 1999 rediretis;
756 1942 784 1988 nt
799 1949 829 1990 ex
850 1949 915 1989 cun·

119 2029 267 2086 trariorum
277 2028 414 2099 portentu,
427 2025 496 2096 qttod
516 2025 542 2079 in
560 2026 634 2080 tobis
648 2035 720 2080 esset
734 2025 837 2080 cunctis
850 2027 915 2082 utile

120 2127 290 2176 nosceretur.
308 2116 440 2172 liaridicte
460 2115 585 2169 niurirtrm
606 2113 678 2169 illins
695 2113 800 2169 uirtutis
818 2129 913 2170 esem·

120 2212 180 2284 plo,
202 2225 253 2282 uua
264 2209 391 2281 singulari
408 2207 534 2279 patentia
549 2207 648 2261 cedens
663 2206 797 2275 pardulum
818 2206 915 2280 lurori-

119 2304 176 2358 hus
192 2301 341 2372 parricidae,
357 2301 484 2355 continno
497 2297 636 2353 ctctntnn
657 2297 813 2368 populorum
830 2299 915 2367 preci-

120 2395 174 2450 bat
191 2394 345 2463 imploratus
362 2390 547 2461 praestantiore
564 2389 668 2459 lastigie
682 2398 724 2444 est
748 2406 871 2445 reuersus
887 2393 913 2445 in

121 2502 247 2557 regnum.
272 2485 375 2538 Laetare
396 2484 485 2551 igitur,
506 2481 666 2536 mmerabilis
690 2482 845 2547 incestator,
868 2497 915 2537 eos

122 2577 209 2632 luisse
223 2587 282 2631 tuos
293 2574 385 2630 hostes
400 2576 444 2644 qui
456 2573 617 2629 exstiterunt
634 2572 783 2627 biritaitatis
798 2573 913 2642 it.itnici;

122 2677 206 2738 atque
227 2666 313 2738 gande
327 2681 386 2721 ctam
411 2664 530 2720 Ecclesia
552 2663 699 2729 laborasse,
726 2673 831 2718 etcum
853 2665 914 2720 littei

121 2758 266 2814 catholicae
276 2758 397 2813 libertate
411 2756 552 2825 imperium
567 2756 730 2818 restitutum,
747 2764 826 2831 atquae
847 2765 873 2808 ul
888 2756 914 2809 ιιι

123 2848 251 2904 otrtnzbus
263 2846 361 2904 doceas
380 2861 486 2901 causam
502 2844 548 2900 tibi
563 2859 622 2900 cum
641 2845 694 2899 lico
714 2861 774 2900 esc
793 2861 915 2902 eommu-

122 2954 201 3007 rsctrr,
216 2941 291 3007 cujus
306 2929 356 3006 ope
371 2937 483 2992 viriliter
498 2936 582 2991 fretus
596 2937 707 2998 insiste;
732 2947 758 2989 ut
773 2953 821 3006 per
835 2954 913 3006 quem

124 3035 248 3104 publicos
260 3033 430 3087 incubatores
442 3030 556 3101 subegit,
569 3029 811 3103 Ecclesiauguotpue
824 3030 915 3101 depel-

966 1856 1013 1897 cos
1028 1858 1094 1911 quos
1105 1858 1158 1898 nott
1172 1844 1258 1897 solnm
1276 1856 1366 1899 restro
1381 1846 1504 1913 imperio,
1525 1843 1572 1898 sed
1586 1854 1613 1898 et
1628 1844 1654 1898 in
1669 1843 1754 1898 buum

965 1949 1072 2003 quoque
1090 1935 1197 1991 rebelli,¹
1217 1935 1327 2004 spiritns
1348 1937 1508 1999 coracitarit;
1530 1952 1608 2005 quam
1623 1936 1694 2006 qtrnd
1715 1945 1754 1991 tot

967 2028 1086 2096 tantique
1107 2027 1256 2097 pontilices,
1282 2039 1309 2082 et
1330 2042 1391 2082 cum
1412 2030 1527 2098 egregiis
1545 2029 1755 2093 ortitudoristue

966 2117 1137 2184 pontificibus
1155 2119 1313 2173 uniuersalis
1336 2119 1463 2173 Ecclesiae
1478 2119 1595 2174 decrerit
1616 2135 1754 2175 assensus.

964 2206 1189 2264 Chalcedonensis
1202 2209 1296 2279 synodi
1316 2212 1472 2276 corastituta,
1488 2212 1528 2265 vel
1548 2225 1579 2264 ea
1593 2227 1653 2281 garns
1669 2213 1754 2267 noane

966 2297 1102 2353 memorie
1124 2299 1306 2368 praedecessor
1328 2317 1403 2356 mens
1424 2301 1478 2357 Leo
1500 2304 1645 2373 apostolica
1662 2302 1755 2358 erudi·

966 2390 1038 2444 tione
1060 2391 1208 2458 perdocuit,
1238 2392 1395 2447 intemerata
1424 2395 1513 2462 uigere
1536 2395 1669 2462 iubeatis;
1694 2396 1755 2463 quia

966 2496 1015 2536 nec
1026 2482 1081 2537 ullo
1096 2484 1176 2537 modo
1190 2486 1329 2539 retractet
1346 2493 1433 2555 potest
1447 2486 1517 2556 quad
1534 2486 1642 2541 illorum
1657 2487 1755 2542 delini·

965 2573 1038 2628 tione
1057 2573 1172 2642 sopitum
1190 2585 1244 2640 est,
1264 2591 1313 2631 uec
1328 2576 1460 2631 ullatenus
1476 2579 1559 2647 recipi
1583 2577 1681 2633 totiens
1702 2592 1756 2634 utro

966 2663 1084 2733 undique
1104 2679 1152 2719 ore
1170 2665 1322 2720 datnnntus.
1339 2668 1398 2736 lpsa
1420 2677 1462 2722 est
1485 2669 1593 2737 quippe,
1618 2670 1686 2724 sicut
1702 2684 1755 2724 cx·

965 2753 1034 2821 perti
1057 2755 1133 2819 estis,
1160 2755 1293 2810 catlaoliea
1316 2755 1392 2824 ides,
1417 2773 1475 2827 garos
1498 2769 1621 2828 putentes
1639 2761 1673 2816 de
1691 2761 1756 2818 sede

966 2842 1030 2898 laesa
1045 2843 1180 2914 deposuit,
1194 2856 1220 2901 et
1236 2846 1395 2902 exaltandos
1414 2848 1529 2905 bum³les
1547 2851 1678 2906 cutodita
1697 2867 1757 2907 ser·

965 2937 1048 2990 sarit.
1065 2937 1156 3002 Quare
1177 2939 1243 2992 satis
1262 2939 1392 3008 agendum
1414 2950 1455 2995 cst
1476 2943 1566 3013 pietati
1591 2953 1653 3010 tue,
1669 2953 1697 2998 ut
1711 2946 1756 3014 qui

967 3025 1047 3095 bajus
1061 3027 1107 3082 tibi
1120 3039 1214 3083 auctor
1227 3038 1268 3084 est
1279 3029 1352 3096 doni,
1372 3032 1408 3086 sit
1422 3030 1480 3100 ipse
1493 3033 1573 3086 etiam
1586 3042 1770 3104 propagatur.-

122 3131 163 3185 lat
179 3138 317 3201 tprautnrs.
333 3125 409 3181 Sicut
422 3125 493 3178 enim
511 3123 595 3192 pietas
613 3131 699 3176 restra
718 3123 812 3177 naerito
825 3132 913 3180 recte·
928 3125 951 3188 C
967 3117 1031 3172 Dete
1048 3128 1144 3174 octauo
1166 3120 1211 3192 [al.
1228 3120 1347 3192 reptitno]
1373 3122 1433 3178 idus
1453 3123 1577 3178 Octobris
1592 3125 1673 3197 (anno
1690 3124 1754 3183 Gbr.

124 3234 179 3290 pne
194 3218 311 3285 coaddit,
330 3218 376 3272 illo
391 3231 439 3273 nos
454 3224 574 3284 tempore
595 3213 659 3267 uilail
675 3213 745 3267 alind
767 3214 851 3270 Deum
867 3233 917 3270 nn-

124 3323 212 3368 strum
226 3309 381 3380 suppliciter
394 3308 562 3376 implorasse,
577 3320 655 3375 quam
672 3313 700 3358 ut
711 3305 788 3358 nobis
803 3303 915 3361 Ronraui

967 3210 1031 3280 lit)
1047 3213 1287 3279 postconsulatum
1303 3214 1424 3270 Basilisci
1439 3223 1465 3270 el
1482 3215 1596 3270 llrtrtati.

1276 3347 1440 3404 celerose

126 3401 233 3473 imperii
255 3400 383 3470 presules
403 3399 495 3469 quales
519 3413 588 3452 nunc
604 3397 747 3465 loquimur,
768 3399 914 3454 redderen-
977 3457 980 3462 ,

126 3505 189 3559 tur;
209 3493 243 3547 ita
266 3491 414 3562 exspectari
436 3490 535 3557 cernis,
559 3498 587 3543 ut
612 3487 763 3557 hujusmodi
792 3503 839 3544 vos
856 3505 916 3547 csse

127 3591 248 3658 ipsorum
275 3597 381 3642 actuum
410 3585 539 3656 qualitate
569 3585 734 3640 monstretis.
764 3583 914 3652 liespicite,

125 3680 230 3749 quesn,
255 3687 375 3749 augustae
402 3676 538 3733 ructatorice
566 3677 691 3733 llarciaui
715 3686 795 3746 atque
820 3676 917 3732 Leonis

126 3775 203 3826 omnl
224 3770 324 3825 murrdo
347 3770 518 3837 corispicuam
542 3767 671 3823 catltoliea
691 3768 833 3823 devotione
852 3782 917 3822 con·

123 3863 253 3919 stantiam
266 3871 310 3927 ;et
324 3860 425 3934 salubri
439 3859 656 3915 consideratione
672 3859 838 3929 perpendite,
853 3874 914 3914 cum

127 3956 156 4010 in
171 3954 266 4008 eodem
281 3952 339 4008 loco
353 3960 426 4006 stare
436 3950 605 4020 nequiuerint
620 3949 664 4019 qui
680 3951 713 4002 ab
730 3965 822 4003 eorum
839 3949 917 4004 recti·

130 4046 223 4100 tudine
234 4044 384 4106 deviarunt,
404 4055 586 4095 successorem
606 4041 686 4109 regie
700 4039 838 4108 potestatis
852 4039 917 4110 lugi·

125 4139 237 4198 timum,
249 4149 280 4190 ac
293 4134 422 4189 diuinitus
438 4131 593 4187 attributum
609 4148 669 4187 eum
683 4131 739 4186 lore
755 4131 812 4186 sine
824 4131 915 4203 dubio,

128 4232 175 4298 qn}
191 4230 296 4283 illurunr
312 4226 372 4282 ltdei
390 4225 538 4294 perstiterit
557 4225 685 4278 imitator.
701 4223 798 4288 Debes,
818 4224 917 4294 glorio·

131 4310 236 4375 sissimo
247 4327 273 4373 et
287 4316 493 4373 clementissime
509 4315 546 4370 llli
561 4317 715 4384 imperator,
730 4325 849 4384 augustae
862 4331 917 4369 nte·

131 4412 224 4468 moriae
238 4417 370 4466 tantorum
382 4407 498 4462 virorum
512 4407 656 4476 taliumque
667 4407 855 4474 reverentiam,
871 4406 918 4461 de-

132 4595 293 4668 imperium:
309 4604 335 4648 tu
360 4591 414 4646 lieo
428 4589 486 4646 istis
509 4590 622 4645 similem
645 4589 727 4644 redde
749 4590 915 4646 famulatum.

128 4687 240 4758 Etonia
256 4684 313 4739 bec
327 4685 404 4738 beato
420 4682 547 4750 apostolo
565 4679 740 4736 ducentenos
759 4679 838 4734 Petro
858 4693 917 4736 naeu

132 4794 219 4849 nuper
233 4774 383 4830 bumilitate
403 4771 575 4843 predicante,
596 4769 710 4826 relutata
723 4779 795 4833 sunt,
811 4785 826 4824 a
840 4785 919 4825 casu·

132 4871 181 4935 ris,
199 4868 254 4922 lieo
268 4865 380 4927 lautore,
397 4861 535 4931 proliciunt
558 4861 583 4915 iu
600 4861 674 4929 regni
695 4860 828 4916 soliditate
842 4877 917 4916 man-

131 4963 214 5018 suris
229 4957 356 5030 Equidem
377 4954 473 5010 litteris
488 4969 554 5023 quas
569 4962 658 5008 restra
677 4954 816 5008 elementia
836 4952 917 5008 desti-

131 5053 220 5118 navit,
247 5053 342 5121 pignus
368 5048 526 5104 immensum
551 5048 710 5103 uenerande
736 5048 917 5118 religiositatis

131 5145 277 5212 accipiens,
290 5150 318 5196 et
332 5139 431 5210 ingenti
446 5138 622 5209 gratulatione
635 5139 750 5207 respiro,
766 5147 792 5192 tt
806 5140 917 5194 omnino

130 5248 186 5287 nota
200 5230 305 5302 ambigo
317 5238 435 5284 ruentem
450 5236 564 5284 vestram
580 5227 606 5281 in
623 5229 702 5282 robus
716 5228 815 5284 divinis
826 5242 917 5299 gestu·

167 5397 182 5424 ¹
196 5387 225 5441 ln
241 5383 302 5441 cod.
319 5380 455 5438 vetustiss.
467 5379 629 5448 Frisingeusi
648 5394 727 5443 stuc,
745 5390 772 5432 nt
789 5379 851 5435 altat
865 5395 914 5435 aa·

130 5456 240 5517 notan,
269 5469 331 5516 rrrr,
356 5453 414 5506 ltaec
440 5450 552 5520 epistola
577 5454 612 5505 ita
637 5451 911 5518 ettuntiatur:lrrcip.

129 5526 277 5598 ‘ternplum
290 5522 402 5596 epistole
412 5537 487 5593 guerre
498 5519 559 5593 (sic)
575 5520 641 5575 mitit
654 5519 762 5573 Acutius
772 5522 806 5572 ud
820 5531 913 5575 tuuctoe

131 5649 252 5696 anantes
264 5655 350 5701 ornus,
363 5638 395 5692 ei
409 5636 522 5690 humore
535 5635 586 5688 aito
605 5634 697 5687 hausto
709 5629 806 5687 renero
819 5635 919 5689 solutast

130 5722 183 5772 rat.
195 5710 234 5766 lta
244 5710 270 5766 in
283 5709 455 5780 temetipsum
463 5707 537 5778 justo
551 5705 597 5762 bei
609 5704 711 5776 iudicio
725 5703 823 5762 uindex
835 5706 919 5762 scele-

1146 3478 1231 3518 aclcll
1246 3480 1279 3518 lii
1297 3478 1443 3520 tractactbtt
1460 3481 1543 3520 Pthill
1554 3476 1576 3520 ἰ

968 3572 1130 3644 Simplicium
1150 3575 1181 3627 dc
1200 3576 1383 3628 Alexandrinae
1396 3574 1520 3631 Eccieaite
1540 3588 1607 3632 stulu
1625 3581 1756 3637 certiorem

1004 3644 1077 3711 pacit,
1093 3646 1203 3698 scribens
1225 3647 1256 3698 oi
1275 3644 1401 3699 Tirraotlrei
1415 3646 1526 3701 ltoeretici
1552 3661 1668 3715 nrortem,
1684 3650 1758 3708 Petri

1004 3712 1092 3782 Mogpt'
1106 3716 1221 3780 sirtrdcm
1247 3714 1368 3769 Ecclesia
1392 3717 1574 3783 perturbatoris
1590 3724 1688 3792 (argum,
1710 3739 1757 3791 pu·

1002 3800 1056 3836 cem
1072 3783 1195 3839 Ecclesiae
1208 3787 1333 3839 redditum
1346 3801 1453 3854 cete,·uc
1470 3787 1627 3844 Titrtotlteuur
1639 3807 1692 3845 susc
1702 3793 1758 3848 sedi

1003 3855 1154 3908 restitutum.

970 3966 1083 4021 Domino
1098 3968 1253 4023 beatissimo
1274 3980 1366 4043 sancto
1388 3971 1455 4036 patri
1476 3971 1756 4046 arclrieplscoptr1pu·

1090 4038 1208 4092 triurclnc
1218 4039 1347 4111 episcopo]
1360 4040 1500 4109 Simplicio
1513 4044 1634 4098 Aeacius.

1005 4129 1217 4186 Sollicitudinem
1242 4131 1362 4186 omnium
1388 4132 1584 4199 Ecclesiarum,
1608 4133 1755 4190 secuudum

969 4221 1126 4291 Apostolum
1143 4221 1185 4293 (ll
1202 4221 1262 4279 Cor.
1279 4225 1329 4294 st),
1345 4223 1576 4291 circumferentes,
1596 4241 1644 4280 uos
1657 4227 1757 4284 indesi-

970 4323 1064 4368 nenter
1080 4312 1234 4378 hortamini,
1248 4315 1370 4383 quamtis
1384 4325 1480 4384 sponte
1494 4316 1633 4386 vigilantes
1647 4333 1677 4372 ae
1688 4334 1756 4388 prae-

970 4415 1109 4459 currentes
1126 4423 1132 4456 :
1148 4407 1195 4460 sed
1210 4419 1256 4459 ros
1266 4406 1384 4461 diuinum
1400 4407 1486 4462 zelum
1501 4408 1580 4462 solito
1594 4408 1756 4481 [disiunctio

130 4507 181 4562 bes
193 4505 264 4560 tices
282 4500 437 4557 muneribus
452 4499 510 4554 Dei.
529 4498 576 4552 ille
592 4506 618 4554 te
640 4498 672 4552 ad
688 4498 800 4553 istorum
814 4498 920 4553 reduxit
933 4507 958 4568 Ι)
970 4495 1103 4567 sollicitor]
1124 4497 1326 4562 detnoustratis,
1341 4509 1438 4552 statum
1456 4499 1644 4556 Alexandrinae
1664 4502 1756 4558 Eccle-

970 4587 1018 4641 sico
1033 4586 1132 4642 certius
1153 4588 1336 4655 reqttirentcs;
1353 4599 1381 4642 ut
1403 4604 1451 4658 pro
1472 4592 1589 4659 paternit
1609 4594 1756 4648 canonibus

970 4677 1123 4745 suscipiatis
1145 4677 1275 4743 laborem,
1299 4679 1419 4748 piissimo
1438 4682 1569 4737 stillantes
1590 4683 1688 4740 sudore
1708 4700 1756 4754 pro

971 4769 1021 4834 lais,
1038 4770 1107 4823 sicut
1120 4783 1226 4837 semper
1240 4780 1282 4824 est
1301 4772 1488 4838 approbatum.
1505 4773 1558 4828 Sed
1573 4774 1693 4830 Clarlstus
1705 4776 1757 4831 llo·

972 4862 1060 4916 nrirms
1071 4872 1171 4929 noster,
1187 4864 1230 4930 qun
1246 4864 1417 4931 diligentibus
1430 4879 1459 4919 se
1475 4865 1501 4919 in
1520 4866 1616 4920 bonum
1628 4882 1757 4937 coopera-

971 4963 1014 5010 tur
1031 4955 1120 5027 (Rom.
1146 4959 1212 5027 ιιιιι),
1235 4959 1333 5013 nostris
1353 4961 1556 5029 cogitationibus
1582 4965 1711 5030 insidens,
1728 4972 1757 5022 et

971 5062 1052 5101 urtam
1064 5048 1140 5103 astabit
1156 5050 1181 5103 in
1196 5049 1237 5104 ltis
1250 5062 1366 5106 tuentem
1380 5062 1458 5120 atque
1473 5055 1593 5110 eamdem
1608 5072 1655 5125 pro
1669 5057 1754 5127 gloria

970 5154 1017 5194 sua
1033 5156 1092 5197 esse
1106 5156 1281 5212 cognosceus,
1294 5159 1401 5198 omnem
1414 5147 1551 5201 victoriam
1563 5148 1620 5216 ipse
1632 5147 1753 5218 perlecit,

970 5242 1110 5287 consortes
1127 5248 1176 5287 nos
1189 5249 1248 5289 cum
1265 5234 1484 5305 tranquillissimo
1501 5239 1620 5308 principe
1637 5237 1754 5305 iaciens,

967 5387 1095 5440 meritorie
1109 5386 1270 5457 Simplicium
1284 5407 1379 5460 popum
1393 5392 1514 5447 Rotuurnc
1527 5396 1605 5462 urbis,
1621 5395 1663 5450 uir'
1679 5398 1755 5453 duan·

967 5465 1057 5508 notum
1075 5458 1160 5512 retulit
1172 5457 1279 5514 Petrum
1293 5460 1505 5517 Alexandrinum.

972 5649 1032 5690 rum
1043 5648 1151 5691 strorutn
1167 5634 1321 5702 insurrexit,
1337 5633 1380 5690 cui
1393 5635 1566 5703 imperatores
1580 5637 1624 5706 qui
1639 5651 1756 5705 preces·

973 5712 1067 5763 serunt
1077 5705 1168 5776 inique
1183 5705 1326 5763 admodum
1342 5706 1509 5805 ignorem*
1521 5706 1585 5764 Ser.
1602 5708 1703 5765 bratus.
1750 5732 1755 5737 ·
