3788 6120
123 251 173 307 755
695 248 863 307 cessabis
879 248 1129 309 despectuosis
1150 244 1300 304 utriscum
1690 246 1737 305 756

122 374 215 416 corum
228 360 405 417 defensionem
427 360 536 418 robuste
555 361 689 431 suscipere
701 363 769 417 sicut
783 338 899 431 coepisti,
915 373 995 430 Ares
1014 363 1124 429 cbristi,
1141 364 1216 433 egeni
1238 361 1363 426 mendici,
1386 360 1462 430 agri.
1483 359 1582 430 viduae,
1610 360 1737 431 orpbani;

123 465 220 519 equum
234 464 321 504 meum
336 449 490 518 parabilem,
502 459 529 505 et
541 451 726 520 mulumquem
739 451 902 521 cleperisdo,
955 468 1011 529 ros.
1033 454 1157 521 iuquam,
1180 452 1301 507 incedes
1322 464 1396 506 meos
1413 451 1518 517 scribo,
1543 450 1617 516 dico,
1641 461 1737 506 statuo.
1761 511 1764 522 ¹

124 538 191 609 lego.
207 539 449 606 demorsiones,
465 541 499 595 illi
512 542 796 610 dilectissime,llmen.
955 543 1001 598 llis
1021 544 1089 610 quae·
1099 558 1179 611 supra
1194 543 1329 605 detractis,
1348 540 1474 611 quidquid
1491 542 1518 595 in
1540 541 1621 595 bonis
1643 539 1738 607 babeo,
1759 523 1764 556 ¹

158 629 283 684 Ecclesiae
294 630 322 685 S.
340 630 411 686 Petri
423 633 607 702 peristromata
620 646 680 703 quae
695 634 718 686 ei
731 633 764 687 ad
777 632 903 688 utendum
954 634 1010 688 sive
1023 635 1047 688 iu
1059 634 1139 703 agris,
1150 634 1265 703 pascuis,
1276 634 1370 700 protis,
1381 631 1545 700 nemoribus,
1556 633 1739 698 vinciemalu-

123 720 149 774 in
161 719 244 775 Natali
258 721 377 790 ciusdem
390 736 462 791 soepe
475 723 605 787 concessi,
622 721 731 795 omnino
745 731 771 776 et
785 720 904 777 absolute
955 724 1003 789 sis,
1015 723 1109 787 bortis,
1125 723 1210 792 aquis.
1227 722 1394 787 molendinis,
1407 722 1464 776 sire
1481 722 1507 776 in
1525 736 1602 784 auro,
1618 731 1739 790 argento,

123 807 168 873 do,
181 809 249 878 lego.
955 821 983 867 et
994 812 1120 878 restibus,
1138 813 1294 880 caeterisque
1308 811 1388 866 rebus
1409 810 1444 865 de
1464 809 1561 881 quibus
1584 825 1629 864 me
1652 809 1741 880 dispo

160 899 218 954 'libi
233 900 305 956 iratri
324 911 351 956 et
365 901 547 957 consacerdoti
563 900 713 967 carissimo,
732 900 766 955 de
785 916 837 970 quo
853 900 906 956 bo-
956 904 1041 959 suisse
1052 918 1104 958 non
1115 902 1258 968 constabit,
1281 900 1400 957 baeredes
1417 916 1477 957 esse
1488 916 1538 957 ros
1552 901 1644 970 jubeo.
1666 902 1700 956 ist
1714 909 1741 955 ut

126 989 212 1046 uriuus
225 990 374 1060 providebit
387 991 509 1060 regendae
523 999 583 1061 post
594 991 740 1046 discessum
755 1005 841 1046 meum
856 989 907 1045 Ec·
956 996 1043 1051 oxonia
1073 1010 1121 1064 per
1145 993 1333 1048 discretionem
1365 992 1596 1058 administrentur,
1625 994 1688 1048 vulo
1714 1002 1742 1048 ιιι

125 1080 213 1136 clesiae
227 1095 298 1136 nunc
309 1096 386 1147 mete,
403 1090 467 1137 tuuc
481 1089 545 1150 tun,
560 1090 606 1137 aut
620 1083 707 1152 potius
718 1097 768 1138 nec
779 1097 845 1138 meae
858 1095 908 1137 uec
957 1085 1139 1146 distrabantur
1152 1081 1346 1153 quamprimum
1357 1079 1458 1146 obiero,
1471 1089 1500 1137 et
1514 1081 1572 1137 deri
1587 1082 1699 1152 poterit,
1715 1090 1743 1137 et

126 1179 188 1236 tuae,
200 1171 248 1226 sed
259 1170 369 1239 Christi,
383 1171 418 1227 do
431 1173 559 1242 quidquid
578 1173 610 1227 ad
630 1188 706 1229 usum
728 1174 906 1241 episcopalem
958 1174 985 1227 in
1001 1173 1139 1241 pecuniam
1156 1158 1319 1240 redigantur,
1337 1170 1413 1241 cujus
1428 1178 1482 1225 tres
1496 1179 1584 1238 partes
1595 1170 1673 1225 dant.
1686 1170 1742 1225 llo·

126 1258 160 1314 de
174 1260 252 1316 rebus
265 1261 331 1316 meis
345 1262 462 1318 uolueris
476 1262 575 1332 eligere
588 1265 613 1316 ia
629 1278 732 1319 camera
748 1272 775 1318 et
789 1262 908 1317 sacrario
959 1262 1073 1317 minibus
1086 1264 1177 1332 egenis
1189 1262 1249 1316 duae
1259 1261 1460 1325 distribuantur,
1471 1270 1501 1316 ut
1514 1259 1647 1330 placuerit
1655 1264 1743 1332 Agra·

127 1349 223 1404 ticino.
238 1349 313 1417 Quod
331 1351 461 1418 nolueris,
478 1352 611 1407 neretum
630 1367 748 1407 meorum
769 1352 910 1407 nominau·
959 1355 1000 1409 rio
1014 1353 1181 1423 presbytero,
1202 1363 1229 1408 ct
1250 1352 1341 1406 comiti
1368 1351 1485 1422 Agiloni.
1506 1351 1596 1406 Tertia
1613 1350 1700 1406 viduis
1718 1357 1744 1406 et

127 1440 220 1496 dorum
234 1453 302 1497 esto.
315 1442 501 1513 Presbyterum
513 1442 547 1498 de
557 1443 672 1508 blalleio,
687 1457 802 1514 euntque
813 1443 847 1499 de
857 1442 908 1499 0r·
960 1445 1120 1514 pauperibus
1139 1443 1256 1510 icminis,
1277 1445 1314 1498 uti
1333 1443 1461 1513 placuerit
1475 1443 1571 1514 virgini
1589 1443 1744 1509 badoteuae,

128 1534 196 1589 bona
210 1533 242 1587 ad
257 1534 353 1602 gradus
369 1533 438 1589 unda
459 1534 555 1588 merito
568 1533 664 1604 dejecti
678 1543 755 1598 sunt,
775 1547 909 1603 nunquam
960 1534 1161 1598 distribuantur,
1177 1534 1246 1599 volu,
1261 1549 1337 1604 rupo,
1352 1543 1451 1588 statuo.

128 1623 247 1679 restitue.
263 1622 414 1693 Sportulam
428 1631 517 1679 tanuen
531 1622 647 1678 babeant
665 1623 781 1693 quandiu
796 1623 911 1678 vixerint
996 1628 1193 1682 Testamentum
1206 1625 1256 1680 boc
1270 1640 1348 1679 uranu
1366 1626 1471 1695 propria
1484 1627 1611 1696 scriptum
1627 1625 1709 1696 relegi
1719 1633 1745 1682 et

128 1729 208 1783 super
221 1723 295 1784 parte
310 1713 442 1770 redituum
454 1729 573 1770 meorum
589 1714 622 1770 de
634 1714 766 1780 Preslaio;
780 1715 850 1784 quod
861 1729 908 1770 su·
924 1719 947 1780 Β
960 1718 1103 1786 subscripsi
1115 1733 1164 1785 ego
1179 1716 1336 1785 Perpetuus,
1352 1717 1455 1771 calend.
1475 1716 1556 1771 ilaias
1577 1726 1637 1786 post
1647 1733 1745 1773 cousu-

129 1804 238 1874 pcrerit,
252 1814 399 1875 cumparte
413 1804 548 1873 illaquam
563 1803 687 1860 utendam
703 1805 838 1860 irueudam
856 1805 908 1861 illis
960 1810 1042 1864 latum
1054 1806 1151 1862 Leonis
1165 1808 1271 1862 llinoris
1293 1808 1325 1863 Α.
1347 1807 1413 1863 lllud
1428 1817 1465 1871 tu,
1482 1807 1597 1864 belmati
1614 1807 1663 1872 dli,
1677 1810 1746 1878 apud

129 1893 259 1961 concessi,
274 1902 413 1963 postquam
427 1892 552 1956 obierint,
567 1902 594 1948 et
609 1893 655 1948 tibi
675 1892 801 1948 utendum
820 1893 910 1949 luten-
961 1911 987 1955 te
1001 1900 1151 1969 depositum
1169 1915 1260 1966 seraa;
1286 1909 1387 1956 etcum
1406 1899 1459 1955 alio
1473 1900 1553 1955 simili
1572 1914 1630 1955 urea
1648 1901 1746 1967 pariter

129 1982 192 2037 dum
212 1983 352 2050 relinquo:
373 1991 433 2052 post
449 1982 595 2038 discessum
610 1990 682 2038 tuum
704 1983 829 2039 Ecclesiae
845 1999 911 2040 ruem
961 2004 1041 2046 manu
1056 1991 1186 2060 scriptum
1198 1998 1225 2045 et
1238 1990 1429 2059 subscriptum,
1453 1989 1522 2059 quod
1542 1989 1614 2058 apud
1634 1988 1747 2045 badole·

129 2072 174 2135 du,
194 2072 263 2140 lego.
287 2073 322 2126 tlt
345 2081 383 2136 tu,
407 2070 488 2126 irater
506 2082 534 2128 et
557 2071 735 2128 consacerdos
762 2073 908 2141 carissime,
964 2094 1024 2134 nans
1039 2079 1160 2149 deposui,
1181 2080 1284 2150 Agiloni
1300 2083 1391 2136 ιιιιιιῑιῑ
1415 2096 1506 2136 coram
1533 2080 1660 2136 iratribus
1681 2081 1746 2138 meis

130 2159 910 2234 presbiteros.diaconoscbricos.virainesmeos.tuos.
964 2173 1138 2244 presbyteris,
1149 2172 1305 2227 aasentias
1319 2181 1347 2226 a
1358 2171 1462 2227 otarius
1476 2171 1651 2238 ιιιιιιιιιιιι
1669 2178 1697 2226 u
1709 2172 1747 2228 te·

130 2265 200 2317 ²⁰¹²·
218 2251 340 2320 immillo
357 2251 430 2321 luva,
456 2252 641 2308 b0b⁰l⁰¹0bll²
662 2255 797 2322 bfaelesslt
820 2254 861 2309 sac
884 2263 913 2309 ul
962 2263 1075 2332 gendum
1087 2260 1187 2326 trades,
1202 2261 1229 2314 iu
1241 2262 1349 2317 rrumiue
1361 2261 1466 2317 bomini
1477 2262 1634 2332 uolo,ropo,
1648 2270 1741 2325 statuo,

131 2339 214 2395 sciant
227 2354 257 2395 se
271 2340 316 2395 tibi
337 2340 416 2410 lilios,
428 2355 480 2396 uon
494 2356 602 2409 serrus;
617 2351 643 2398 te
658 2344 709 2398 illis
724 2351 836 2414 patrem,
859 2360 912 2400 nun
963 2351 1043 2404 licum
1059 2359 1199 2420 ratumque
1209 2350 1254 2403 sit.
1271 2349 1396 2416 benedic,
1412 2349 1546 2405 bomine:
1566 2350 1626 2406 reui
1643 2349 1742 2405 eurise

131 2429 335 2512 dominatorem,
350 2445 425 2502 rogo,
442 2432 513 2496 nolo,
528 2441 625 2489 statuo.
963 2437 1037 2494 lesu.

166 2526 200 2579 bt
221 2538 269 2580 vos
289 2526 390 2610 viscera
413 2539 482 2589 mea,
502 2524 597 2580 iratres
619 2525 795 2593 dilectissimi,
815 2541 914 2583 corona
1001 2531 1056 2600 Epo
1071 2529 1222 2599 Perpetuus
1232 2531 1258 2584 in
1271 2530 1377 2585 uomine
1390 2538 1446 2596 tuo,
1458 2531 1554 2586 Antea.

132 2629 202 2681 mea,
214 2611 339 2682 gaudium
360 2628 460 2681 meum,
475 2615 577 2670 domini
595 2618 657 2685 mci,
674 2618 719 2674 lilii
740 2619 803 2686 mei,
818 2633 915 2690 paupe·

418 2953 422 2959 ’
452 2984 813 3067 barbararum
844 2984 1136 3070 pupparum
1165 2976 1445 3071 EPISCOPI.

134 3235 253 3295 Culmina
267 3240 373 3296 sublimi
388 3241 484 3297 tollunt
497 3258 556 3314 qum
569 3243 670 3300 vertice
683 3246 778 3299 cristas
924 3246 947 3308 (ἰ
963 3245 1055 3299 Clarus
1069 3244 1135 3305 auis.
1149 3243 1287 3313 atavisque
1300 3251 1404 3313 potens,
1424 3240 1472 3296 iuit
1486 3248 1568 3307 atque
1576 3248 1691 3295 senator:

167 3329 287 3385 Eximius
299 3331 401 3387 meritis
416 3333 561 3403 Perpetuus
573 3335 681 3390 dederat
1001 3334 1103 3389 clarior
1114 3342 1142 3388 at
1155 3349 1201 3388 sua
1212 3335 1274 3389 dum
1288 3331 1448 3402 pauperibus
1464 3330 1567 3386 tribuit.

133 3419 236 3476 Damno
247 3422 369 3487 llartino,
383 3422 460 3493 cuius
474 3424 525 3479 sub
542 3439 675 3480 marmore
690 3435 803 3496 pausant
967 3425 1020 3481 Sed
1033 3439 1117 3495 neque
1128 3423 1240 3479 biartiao
1249 3422 1299 3478 soti
1316 3430 1367 3476 tam
1381 3420 1482 3491 prande
1495 3420 1644 3489 sepulcrum

167 3508 244 3576 Ossa,
258 3519 474 3582 veneraturque
488 3513 529 3583 pia
543 3513 617 3582 plebs
630 3517 762 3586 precibus.
1001 3515 1167 3580 construxit,
1183 3513 1312 3568 tumulum
1325 3511 1388 3566 iecit
1399 3518 1426 3566 et
1440 3523 1501 3566 esse
1511 3523 1598 3565 suum.

134 3597 272 3654 llccredem
286 3601 392 3669 scripsit
405 3600 551 3667 Christum,
563 3610 642 3673 atque
655 3618 736 3659 aurea
749 3605 830 3660 multa
968 3604 1001 3660 Et
1013 3605 1077 3660 licet
1090 3616 1152 3659 ante
1167 3603 1248 3673 pedes
1258 3601 1366 3658 blartini
1380 3600 1588 3664 contumuletur,

167 3687 302 3744 Sacrando
317 3690 420 3748 bomini
434 3707 496 3747 rasa
510 3706 605 3748 cruore
619 3693 700 3749 dedit.
1004 3695 1032 3747 in
1045 3695 1114 3750 coelo
1125 3693 1204 3748 simili
1216 3692 1313 3762 gaudet
1325 3700 1436 3760 uterque
1449 3691 1520 3746 locu.

136 3772 384 3849 Transmisitcoelo‚
398 3797 458 3852 quae
473 3784 583 3852 plurima
598 3787 678 3840 cessit
690 3787 792 3857 egenis,
968 3783 1081 3855 Respice
1091 3784 1124 3838 de
1137 3785 1240 3852 superis
1254 3796 1335 3852 super
1344 3782 1406 3845 boc,
1418 3782 1488 3837 bone
1498 3789 1600 3849 pastor,
1612 3777 1683 3844 ouili,

169 3866 244 3923 Fecit
257 3876 285 3923 et
298 3880 360 3925 ante
370 3884 432 3926 suas
445 3872 572 3928 scandere
582 3873 697 3930 divitias.
1003 3877 1202 3945 Perpetuusque
1212 3885 1282 3931 tuam
1296 3884 1422 3946 perpetua
1439 3873 1565 3943 patriam.

221 3996 378 4067 (Epistolam
394 3997 495 4054 Sidonii
508 3999 669 4070 Apollinaris
680 4002 712 4056 ad
728 4001 887 4071 Perpetuum
902 4001 1001 4058 videsis
1016 4017 1094 4072 supra
1110 4004 1179 4059 inter
1194 4017 1274 4073 opera
1287 4003 1389 4060 Sidonii
1405 4002 1451 4058 lib.
1466 4017 1514 4071 ιιι,
1529 4001 1609 4073 epist.
1623 4000 1664 4070 9.)

687 4356 692 4364 '
719 4363 801 4408 auito
823 4363 937 4409 bustim
960 4360 1156 4410 dccccxxxv.

517 4504 1377 4811 CEREALIS

729 4885 954 4941 eistettensis
969 4883 1149 4937 teutscoct's.
1256 4906 1258 4910 ¹

833 5039 1064 5054 ——uffl

598 5182 822 5257 NOTITIA
847 5184 922 5257 bx
950 5182 1238 5258 GENNADIO·

169 5341 287 5402 Cerealis
309 5336 448 5405 episcopus
469 5336 576 5393 natione
601 5336 684 5401 bier,
712 5336 890 5405 interrogatus
902 5352 916 5391 a
931 5339 956 5398 D
969 5338 1052 5405 Quam
1068 5336 1111 5390 ilie
1124 5337 1150 5390 iu
1162 5337 1269 5391 notitiae
1280 5335 1384 5391 bomini
1397 5335 1558 5406 suffragante
1569 5333 1621 5390 sibi
1632 5334 1748 5396 veritato,

136 5433 294 5489 Maximiano
307 5428 490 5484 africanorum
502 5427 627 5496 episcopo
640 5430 661 5483 si
674 5438 763 5496 posset
775 5428 815 5483 rcl
827 5428 918 5499 paucis
971 5443 1023 5481 aon
1040 5426 1130 5495 paucis
1143 5426 1300 5480 testimoniis
1312 5426 1381 5481 sicut
1393 5425 1570 5481 blaximianus
1579 5424 1695 5480 irrideas
1707 5437 1750 5492 pc·

137 5525 232 5578 diuinae
246 5523 392 5591 Scriptura
406 5517 562 5574 testimoniis
584 5518 683 5587 absque
698 5518 749 5572 ulla
761 5519 916 5589 disputatio·
970 5522 1058 5584 tierat,
1072 5518 1118 5573 sed
1127 5517 1242 5587 copiosis
1253 5527 1306 5572 tam
1317 5516 1421 5575 Veteris
1428 5517 1592 5575 Testamenti
1602 5513 1749 5591 qtramllorl

137 5611 178 5667 nis
189 5610 314 5670 duntaxat
328 5608 485 5677 assertione,
502 5606 579 5664 iidem
593 5606 751 5663 catlmlicam
768 5606 914 5676 assignare.
970 5607 1134 5676 approbarit,
1146 5615 1173 5663 et
1186 5606 1277 5663 libello
1290 5605 1383 5664 edidit.
