3788 6120
576 314 814 374 aristotttttltt
835 317 898 371 titt.
917 319 940 375 l.
1506 319 1558 377 toa

105 437 157 479 um
173 424 255 479 uitam
272 434 331 494 post
345 427 503 483 sententiam
516 430 607 497 trabit,
620 444 716 486 uocum
732 437 755 493 Α
771 439 826 497 tur,
850 431 959 487 student
971 429 1031 499 pilae
1045 445 1138 497 senes,
1151 432 1202 504 21
1216 431 1282 489 alere
1302 432 1430 503 iuvenes,
1450 434 1558 492 oanatis

105 533 118 585 t,
133 527 162 574 et
175 519 300 586 laqueum
315 535 361 591 per
375 520 456 578 boras
471 523 615 580 turbulenti
629 527 720 581 caraci·
771 520 896 586 eunucbi,
914 521 1010 577 litteris
1025 522 1158 578 loedcrati.
1169 523 1209 579 ia
1226 524 1287 580 ride
1299 525 1385 594 qualis
1404 525 1438 579 sit
1450 524 1555 593 civitas,

105 621 169 663 aens.
184 607 237 663 llos
248 608 368 679 quidem,
382 621 462 682 pront
476 613 606 681 ualemus,
622 615 718 671 absen·
772 613 816 668 nbi
838 613 885 670 ubi
901 614 942 669 lar
956 613 1094 671 familiaris
1107 616 1243 684 incolitur,
1258 631 1318 686 que
1334 615 1344 658 l
1361 616 1464 674 facilins
1476 620 1555 674 terri·

105 714 185 771 usque
199 710 261 756 sota
277 702 399 767 iacimus,
427 720 521 774 preces
545 707 720 778 snpplicatio·
771 706 869 760 toritrm
888 706 976 775 potuit
998 706 1097 763 babere
1120 722 1199 778 qoam
1224 715 1334 763 terram.
1350 709 1557 776 erocireame-

105 793 235 860 sinamus,
256 803 285 849 ut
309 809 441 863 suspenso
465 798 519 854 ictu
543 799 597 868 jam
610 799 720 870 jamque
771 795 989 852 mentoinnorlis
1004 796 1440 869 Trarrsalpinisesseparcendom‚
1460 801 1557 871 naribos

105 887 190 953 rserti,
207 887 295 957 pietas
315 888 433 958 ltrrgusta
447 893 622 959 seminecem,
636 906 718 962 qaan—
769 889 830 944 coeli
850 888 966 944 suidote
978 891 1122 957 contentis,
1140 905 1192 945 non
1203 891 1312 961 grandis
1327 892 1411 960 gloria
1424 892 1514 962 dator,
1533 895 1555 949 si

105 976 227 1034 ublicatis
247 977 337 1042 bonis,
353 978 395 1033 rel
411 987 424 1016 ⁸
438 979 535 1036 exsilio
554 991 718 1037 muneretur.
769 970 931 1035 deteriorum
942 979 1088 1036 collatione
1098 981 1256 1038 clarescant.
1270 982 1343 1037 l‘ale.

113 1086 164 1126 seu
178 1078 316 1139 exspectat
336 1082 454 1127 extrema
469 1087 596 1144 quoqne,
609 1087 658 1129 seu
671 1089 719 1130 su·
1043 1112 1208 1170 EP'STOLA
1227 1111 1274 1168 lx·

108 1161 179 1218 icius
198 1162 264 1217 nibil
276 1171 335 1229 et,
350 1163 373 1218 si
395 1171 455 1232 post
469 1172 507 1219 tot
527 1174 604 1221 notas
617 1165 719 1222 inustas

105 1266 168 1323 ouo,
182 1253 283 1324 aliquid
308 1268 380 1310 nurrc
398 1254 514 1325 amplius
535 1270 615 1327 quam
627 1256 719 1314 rircre
921 1229 1047 1284 ⁸5⁴⁰m'l‘
1062 1237 1075 1276 ⁸
1091 1226 1205 1283 Hli⁰l⁵⁰
1224 1243 1271 1282 suo
1284 1227 1402 1284 wilm·

803 1340 866 1396 Post
878 1339 983 1412 nuptias
993 1340 1099 1412 patricii
1112 1340 1263 1407 Ricimcris,
1274 1340 1299 1396 id
1313 1351 1364 1405 est,
1376 1348 1437 1411 post
1446 1341 1552 1411 imperil

196 1433 363 1491 epistota
386 1435 451 1491 t'ttt.
767 1436 906 1505 utriusque
928 1449 996 1505 opes
1018 1433 1187 1499 eventilatas,
1209 1434 1316 1487 tandem
1339 1433 1455 1487 reditum
1472 1442 1513 1489 est
1526 1435 1552 1488 in

105 1522 215 1581 lortiusb
231 1523 392 1580 Candidiano
407 1542 453 1580 sno
467 1527 584 1584 solarem.
768 1523 901 1592 publicam
916 1524 1089 1594 serietatem,
1111 1537 1172 1593 oua>
1185 1521 1264 1578 rebus
1284 1521 1425 1578 actitandis
1444 1522 1553 1592 ianuam

108 1616 230 1673 ellonue
256 1617 472 1688 congratularis:
495 1619 521 1674 id
537 1631 626 1676 tamen
640 1621 717 1691 qnasi
767 1631 943 1686 campumque
958 1616 1091 1687 patelecit.
1104 1615 1207 1670 interea
1228 1610 1305 1669 nosl
1323 1613 1398 1670 Panli
1413 1613 1555 1684 praelecto·

105 1708 285 1782 larigattnnum
301 1710 401 1766 salibus
424 1711 560 1766 admixtis.
585 1712 714 1769 Aisenim
766 1706 797 1761 rii
814 1716 867 1762 tam
888 1705 1009 1762 doctrina
1031 1721 1111 1776 qoam
1135 1705 1278 1760 sanctitate
1303 1704 1463 1761 venerandis
1490 1704 1554 1760 lari·

109 1802 183 1874 qaod
198 1801 341 1871 aliquando
354 1804 523 1860 necessarius
535 1813 595 1860 rrius
609 1804 714 1860 videam
730 1791 753 1851 B
768 1797 817 1852 bos
842 1781 966 1866 erc'epti,
985 1796 1100 1853 comiter
1120 1795 1226 1851 blandae
1253 1794 1439 1865 hospitalitatis
1459 1794 1554 1850 ciliciis

105 1892 213 1964 totique
225 1908 285 1948 raro
295 1893 531 1951 bibitnrlltaricus
542 1895 714 1966 inspexerim.
767 1887 968 1944 excolebamur.
997 1887 1082 1944 Porro
1105 1897 1158 1940 trun
1186 1885 1239 1940 isto
1261 1885 1400 1954 qaisquam
1428 1885 1488 1940 rico
1512 1893 1555 1940 est

105 1998 128 2040 m
142 1983 210 2039 mibi
232 1999 351 2039 meorum
376 1985 594 2057 lugdunensium
616 2002 716 2058 exprn-
767 1982 793 2036 in
822 1980 896 2036 nmini
923 1980 1021 2036 artium
1047 1992 1148 2050 genere
1170 1977 1347 2047 prestantior.
1370 1976 1442 2031 beris
1466 1977 1553 2046 bone,
1577 2053 1582 2061 .

105 2090 127 2131 n
150 2076 274 2147 oua-reris
294 2076 369 2132 nobis
390 2077 519 2132 matutina
541 2078 655 2148 caligine
668 2078 715 2133 ob·
765 2089 825 2146 quas
839 2072 885 2129 ille
899 2069 1126 2143 propositionibus
1140 2068 1300 2139 enigmata,
1321 2068 1460 2138 sententiis
1477 2068 1554 2124 sebe·

105 2167 280 2224 tmeridiano
298 2169 400 2223 icrrore
413 2168 538 2224 reserari.
555 2170 588 2224 Et
601 2178 628 2224 tu
649 2169 714 2224 milii
765 2172 857 2228 mata,
891 2161 1012 2218 versibus
1043 2169 1196 2226 commata,
1228 2157 1318 2230 digitis
1352 2158 1554 2217 mechanemata

105 2259 219 2316 emostis
240 2258 310 2314 lurni
326 2259 412 2329 potins
431 2275 510 2326 onam
528 2259 618 2331 oppidi
633 2275 713 2316 terna
766 2256 847 2312 lacit?
865 2255 930 2311 lllnd
944 2265 1035 2312 tamen
1050 2256 1076 2309 in
1095 2252 1190 2309 eodem
1203 2252 1352 2309 studiontm
1365 2253 1483 2309 omnium
1497 2253 1554 2310 cul·

110 2344 238 2414 becajns
250 2347 345 2399 natalis
356 2345 403 2399 tibi
419 2345 479 2410 soli,
499 2345 541 2401 rel
549 2345 715 2416 iocunditate
764 2364 826 2405 men
847 2345 1003 2415 antevenit,
1026 2347 1096 2418 quod
1120 2345 1201 2402 babet
1221 2344 1283 2401 huic
1295 2344 1421 2400 eminenti
1436 2342 1554 2400 scientiae

105 2434 143 2504 lo;
159 2435 221 2507 qnid
232 2436 312 2491 etiam
323 2436 512 2506 ipsesentires,
532 2436 595 2492 darn
603 2441 712 2509 migras,
762 2439 954 2494 conscientiam
976 2436 1155 2508 superiorem.
1178 2434 1260 2506 lyitur
1275 2449 1322 2504 per
1336 2433 1408 2490 bone
1425 2436 1552 2505 primurn,

105 2542 113 2583 t
135 2534 225 2582 tamen
244 2528 315 2597 quood
336 2537 363 2584 te
376 2527 510 2584 llarcnna
525 2530 714 2586 ieliciusexsu·
763 2530 785 2583 si
801 2530 861 2598 quis
874 2542 981 2599 quoqaro
994 2527 1074 2583 niodo
1093 2526 1180 2582 aulam
1194 2525 1286 2597 gratie
1302 2525 1406 2592 aditus,
1421 2526 1552 2597 exploro:

105 2616 170 2673 ibus
193 2616 301 2673 Padano
320 2618 405 2674 culice
417 2619 555 2687 perfossis,
568 2621 715 2690 municipa—
763 2632 823 2672 eum
839 2617 890 2673 boe
902 2615 1020 2683 coniero,
1035 2618 1143 2687 quinam
1158 2615 1325 2686 potissimum
1339 2628 1480 2685 procerum
1492 2631 1553 2687 sps-

105 2724 125 2764 m
136 2707 234 2778 loquar
243 2709 320 2764 turba
332 2707 498 2764 circumsilit.
512 2709 540 2763 ln
555 2725 607 2781 qua
617 2711 713 2781 palade
763 2711 813 2764 bus
827 2708 928 2765 valeret
939 2708 1040 2765 nostris
1053 2708 1190 2779 opitulari.
1203 2707 1258 2764 lice
1271 2723 1336 2765 sane
1348 2707 1430 2764 multa
1444 2720 1552 2766 cuneta·

105 2813 212 2856 ·rerum
227 2799 346 2854 omnium
363 2800 420 2871 lege
438 2815 573 2870 peruersa,
588 2801 656 2857 muri
669 2817 713 2858 ca·
763 2800 811 2868 tio,
826 2799 889 2870 sytria
904 2798 991 2870 pauci,
1005 2799 1041 2856 de
1053 2813 1167 2871 quoram
1180 2798 1304 2870 elipando
1315 2798 1462 2869 patrocinio
1473 2800 1552 2856 dobi-

105 2900 191 2960 rtam,
210 2899 298 2948 torres
310 2892 411 2957 linum,
428 2907 510 2948 nares
524 2893 713 2965 sedent,aeyri
762 2899 874 2946 taretm.
902 2889 987 2946 Erant
1008 2890 1118 2961 atridem
1149 2877 1176 2945 in
1198 2899 1292 2946 senatu
1316 2889 1437 2963 plerique
1457 2892 1553 2963 opibus

116 2981 213 3038 medici
227 2983 328 3052 jacent,
343 2982 434 3052 algent
449 2981 558 3051 balnea,
574 2981 712 3040 domicilia
761 2981 846 3050 culti,
859 2994 959 3052 yenere
975 2984 1029 3055 m
1048 2980 1194 3048 sublimes,
1214 2990 1293 3037 aetats
1315 2994 1426 3052 prasos,
1440 2981 1553 3040 consilio

118 3070 215 3128 sitiunt
227 3072 292 3140 riri,
308 3080 401 3128 namot
418 3073 527 3144 sepulti,
543 3074 656 3146 vigilant
668 3074 712 3132 lu·
762 3073 860 3141 utiles,
881 3073 1010 3146 dignitate
1030 3072 1113 3144 elati,
1133 3074 1288 3145 diynatlone
1311 3089 1467 3132 commones
1480 3091 1489 3130 r
1504 3076 1553 3134 sed

105 3169 131 3219 ut
150 3171 309 3235 potestates,
325 3174 337 3204 ⁶
353 3163 509 3221 fenerantur
521 3165 631 3237 elerici,
650 3150 748 3239 Syrie
763 3178 867 3227 serrata
882 3184 948 3241 pace
960 3168 1140 3240 reliquorum,
1154 3169 1208 3224 dno
1226 3167 1417 3239 tastiyattsaimt
1430 3169 1554 3226 consub-

105 3255 280 3326 ueyotiatorcs
300 3254 433 3322 militant,
449 3256 548 3314 milites
574 3261 711 3329 negotiatr-
763 3277 817 3329 res,
837 3260 845 3298 ¹
863 3260 1016 3317 Gcnrradius
1028 3260 1163 3328 brienus,
1180 3259 1227 3316 etl
1247 3257 1352 3315 Cecirra
1367 3259 1480 3318 Basilius
1497 3274 1553 3335 prm
1653 3296 1655 3300 ν

105 3415 149 3472 ulti
156 3416 303 3472 accessisse
314 3424 405 3483 postea
418 3415 482 3487 (ntro
493 3426 613 3487 tompore
624 3418 710 3474 incer·
763 3420 879 3490 retiiapne
893 3419 965 3473 eirir.
981 3417 1225 3484 Fmderatiautem,
1239 3431 1307 3487 quos
1321 3419 1417 3475 iterum
1432 3421 1552 3482 nominat

105 3488 143 3543 ios
153 3486 199 3553 ao,
216 3495 244 3542 et
266 3495 354 3542 emen
376 3486 463 3543 eidem
480 3489 712 3543 senatusconsulto
763 3487 978 3557 transplanta
1000 3503 1063 3554 xrrr,
1080 3488 1193 3542 militum
1212 3500 1297 3556 penus
1317 3489 1552 3549 erantebarbaris

105 3570 291 3628 mosomum
303 3556 406 3626 legibus
418 3555 503 3619 loliis,
521 3558 633 3627 aliisque
644 3559 712 3613 mol·
780 3558 896 3624 entibus,
918 3572 978 3626 qaae
994 3572 1043 3626 pro
1065 3556 1191 3610 lionmnis
1205 3556 1369 3626 principibus
1388 3559 1549 3619 militabant.

105 3628 307 3698 postmadjecta
319 3627 436 3692 luerunt,
453 3627 532 3681 tribui
544 3627 633 3683 solere
643 3629 711 3697 ioris
761 3573 789 3683 fn
801 3629 896 3699 quibus
921 3624 997 3682 tacile
1017 3626 1151 3710 principes
1166 3624 1258 3693 Gotlri,
1275 3627 1319 3698 qui
1339 3642 1355 3683 a
1374 3628 1551 3689 Constantino

105 3697 283 3753 observarunt.
761 3699 876 3767 primunr
899 3697 1025 3753 condocti
1049 3695 1238 3753 loederaturnm
1265 3696 1327 3752 inde
1346 3713 1443 3754 nomen
1464 3703 1551 3760 sortiti

106 3767 160 3823 onii
176 3767 300 3837 precibus
313 3765 479 3821 concessisse
490 3764 595 3822 videtum
607 3767 711 3824 tarne·
762 3780 833 3824 sant.
845 3769 929 3825 ricto
940 3765 1085 3844 pociapolmy
1100 3767 1125 3821 in
1141 3768 1257 3835 epitome
1264 3766 1381 3823 llnuellae
1392 3769 1494 3827 Graecae
1505 3775 1549 3828 ll.

105 3836 280 3900 iasslodonm
293 3835 531 3892 Paulosdiaconos
544 3846 571 3891 et
585 3838 642 3903 alii,
661 3840 711 3892 Ar·
760 3838 813 3894 Sed
830 3839 1018 3894 loederatosea
1035 3838 1095 3904 aliis
1115 3839 1197 3892 ctiam
1217 3837 1341 3908 paratibus
1361 3838 1449 3895 dictos
1472 3843 1551 3900 docet

105 3922 128 3962 ru
141 3908 276 3963 Anttrernii
287 3921 339 3961 non
354 3915 451 3977 morte,
467 3908 514 3962 sed
523 3908 711 3963 exsiliunmlc-
761 3908 968 3980 olympiodorus
980 3907 1007 3963 in
1019 3910 1152 3977 excerptis
1161 3908 1257 3968 l’botii.
1266 3917 1293 3961 et
1305 3909 1408 3965 novella
1418 3910 1450 3966 st
1462 3910 1552 3970 Thoo-

105 3987 152 4034 tot.
760 3978 840 4046 dosii,
854 3992 913 4048 qtrae
927 3981 1090 4033 Sarracenos
1105 3981 1250 4034 toeoeratos
1264 3989 1467 4035 commemorat.
1483 3983 1549 4040 item

105 4048 216 4103 menas
227 4046 323 4114 patria,
339 4045 386 4102 sed
401 4045 481 4100 domo
494 4046 644 4102 llarcnnas.
658 4046 711 4102 lla·
762 4049 910 4118 Procopius
923 4063 932 4102 1
947 4048 1009 4104 belli
1021 4048 1133 4103 Persici.

105 4132 124 4174 n
146 4118 283 4186 migrarat.
298 4117 365 4171 lluic
393 4131 457 4171 sero
483 4117 659 4185 cognominis,
683 4127 712 4173 et
799 4117 809 4159 ¹
826 4120 939 4188 l‘roptcr
958 4117 1133 4175 circumfusas
1144 4115 1263 4186 paludes,
1281 4131 1342 4187 oure
1354 4126 1434 4173 terrae
1446 4129 1547 4186 partem
1660 4121 1665 4132 “

105 4202 151 4243 ,ειη
169 4201 235 4242 aros
258 4201 319 4242 esse
334 4188 429 4256 potuit,
441 4186 620 4242 (andiniacus
631 4189 709 4258 alter,
761 4197 903 4259 occupant,
919 4188 1032 4259 eiusque
1045 4203 1122 4243 usnm
1138 4196 1246 4257 negant.
1271 4186 1319 4242 Est
1342 4188 1414 4243 enim
1441 4196 1549 4260 propria

106 4272 222 4313 oannem
247 4268 389 4328 tyrannum
402 4257 435 4310 ad
454 4256 607 4312 Raccrrnam
627 4262 710 4314 nauita
762 4270 831 4314 terra
845 4275 904 4329 ‹yuae
917 4267 1008 4314 aratur
1022 4269 1051 4314 et
1060 4258 1170 4313 colitnr:
1184 4256 1349 4313 territorium
1362 4272 1469 4330 quoquo
1481 4261 1548 4316 ciri·

105 4326 144 4384 lta
159 4326 193 4383 de
206 4342 259 4398 quo
282 4330 352 4383 inter
375 4328 443 4383 alios
461 4326 668 4399 olympiodorus
684 4332 710 4384 ln
763 4332 825 4386 tatis
840 4330 906 4386 butes
920 4338 948 4385 et
957 4330 1018 4398 jora
1031 4328 1186 4385 tendantur.

107 4398 167 4454 otii.
799 4409 812 4448 s
825 4400 951 4472 bdqoem
962 4398 1221 4467 scripsitepistolam
1234 4398 1262 4464 5,
1272 4396 1347 4466 cujus
1360 4397 1418 4454 baec
1431 4397 1548 4467 quodam

105 4467 153 4524 cul
173 4475 251 4523 erant
269 4482 284 4521 a
301 4466 399 4523 tenoris
418 4466 711 4538 quaestncleriei,cyuos
763 4471 843 4525 nodo
857 4468 1016 4526 succidanea
1038 4478 1099 4533 est,
1119 4469 1222 4537 reliqna
1237 4481 1400 4537 persequens
1421 4467 1550 4526 Romanae

105 4537 391 4594 olenerenturordine
406 4541 519 4606 moveri,
532 4541 711 4615 καθαιρεῖσθαι
762 4540 939 4607 narrationis,
967 4551 1028 4594 com
1050 4536 1236 4607 proiecturam
1260 4537 1332 4592 orbis
1360 4536 1474 4610 adeptus
1491 4537 1548 4609 y'am

105 4623 203 4665 amnes
215 4608 321 4678 jubent.
334 4612 368 4663 ttt
387 4608 516 4679 Syrorum
535 4624 579 4664 ars
602 4613 709 4678 propria
762 4621 843 4667 esset.

105 4692 154 4735 are
167 4680 296 4750 Syrorum
310 4678 417 4734 nomine
430 4678 609 4734 feneratorum
627 4694 710 4746 perros
723 4703 749 4762 Ι)
798 4681 862 4736 llle
872 4681 923 4735 boc
933 4677 1036 4736 Sidonii
1046 4677 1151 4747 bospite
1160 4676 1244 4731 l‘aolo
1253 4689 1333 4748 qoem
1345 4684 1484 4749 tantopere
1494 4678 1549 4736 lau-

105 4763 167 4807 txus
176 4757 228 4814 est,
240 4748 415 4804 utSalrianus
426 4749 473 4805 tib.
485 4749 553 4804 arde
563 4750 708 4806 Prnrmcn-
761 4750 817 4815 dat,
832 4751 897 4805 nibil
912 4763 972 4805 com
1009 4757 1090 4803 rtum.

105 4834 200 4876 mma
212 4819 282 4874 solor
305 4821 491 4890 nepotiotoram
512 4829 536 4874 et
556 4820 705 4891 Syricorom
799 4820 929 4889 iCollega
939 4818 977 4875 Va
990 4815 1118 4874 catiniani
1129 4816 1195 4887 bug.
1205 4818 1320 4885 septimo
1329 4817 1387 4887 eius
1396 4819 1547 4886 consutam,

105 4905 216 4961 asyam
230 4890 590 4960 mojoremsernteeiuitotam
604 4890 706 4945 ttrtt'cer·
760 4907 831 4946 anno
849 4884 949 4947 Gbristi
960 4889 1024 4946 tto.
1046 4887 1127 4944 tetus
1140 4887 1278 4957 inscripto
1291 4887 1384 4944 llomae
1399 4891 1426 4944 io
1439 4889 1549 4945 basilica
1626 4919 1637 4928 -

105 4970 161 5017 'tart
172 4968 338 5032 occuparunt.
760 4962 793 5018 1),
809 4961 883 5017 trauli
900 4979 908 5014 ,·

105 5042 266 5097 rmarmata,
280 5029 532 5099 sedomniprorsus
549 5030 642 5086 militia
658 5044 704 5086 ne-
1016 5078 1018 5082 ,
1477 5028 1531 5086 rt..

105 5099 216 5157 robibiti.
231 5100 316 5157 Codr
331 5100 517 5169 Negotiatores
528 5114 563 5156 ns
578 5101 702 5156 militent.

105 5184 168 5227 som
182 5185 236 5226 non
248 5171 303 5227 sola
326 5179 488 5238 mercatura,
510 5170 558 5226 sed
571 5173 621 5226 alia
638 5187 703 5240 qau-
796 5167 804 5218 i
826 5166 924 5234 Quinto
937 5170 1000 5220 ante
1012 5162 1070 5218 bae
1082 5176 1152 5217 anno
1162 5163 1256 5218 consul
1270 5177 1331 5219 cum
1343 5163 1464 5220 l'iriano.
1479 5163 1549 5218 Fare·

105 5254 160 5297 rsus
170 5242 276 5312 negotia
296 5240 446 5297 interdicta.
458 5239 619 5296 Ambrosios
634 5242 679 5295 lib.
698 5255 707 5296 t
758 5246 801 5292 rat
812 5238 882 5292 idem
896 5243 925 5290 et
937 5231 1079 5304 praelectus
1092 5242 1169 5302 prat.
1183 5232 1267 5290 ltaliae
1281 5249 1329 5303 per
1341 5235 1441 5302 aliquot
1452 5247 1547 5292 anons.

105 5309 198 5367 diesim
215 5313 235 5367 si
246 5314 268 5367 is
278 5313 319 5380 poi
326 5312 477 5387 imperatori
490 5310 610 5365 militaro
623 5327 709 5365 smee-
759 5317 787 5362 et
800 5306 937 5376 patricius,
951 5312 980 5361 ut
990 5312 1122 5384 testantur
1131 5304 1243 5360 novellae
1253 5304 1391 5372 llay'oriani
1408 5312 1435 5386 et
1444 5302 1546 5384 bereri.

105 5398 155 5450 rar,
167 5392 227 5438 ortu
239 5381 396 5452 nepotiorom
406 5381 558 5451 (mensium,
567 5381 709 5435 venditione
761 5377 824 5433 l’ost
837 5376 908 5432 bunc
921 5382 1010 5431 autem
1021 5372 1157 5440 Basiliam,
1171 5375 1224 5429 doo
1236 5375 1280 5429 alii
1290 5375 1348 5442 eius
1358 5386 1472 5454 nammis
1484 5383 1549 5452 oon·

105 5453 217 5507 siloem
240 5452 359 5506 iomanis
381 5452 497 5522 lepilar,·
518 5460 612 5519 quoram
626 5451 708 5521 mopis
759 5448 832 5503 soles
844 5447 919 5502 luere
933 5463 940 5498 :
952 5458 1020 5500 unus
1032 5443 1206 5499 ultimoanno
1217 5443 1355 5506 odoacris,
1366 5456 1411 5509 out
1423 5438 1456 5520 ad
1469 5438 1548 5508 bnyos

105 5534 152 5578 rest
163 5521 321 5578 mititiomol
333 5525 402 5576 omrai
415 5521 649 5592 pronepotiotionis
664 5522 708 5575 ol·
760 5518 844 5573 nisui
858 5516 1003 5572 discrimen
1016 5513 1130 5570 Basilius
1139 5515 1230 5585 junior
1241 5513 1360 5567 dieitora
1374 5509 1548 5591 cassiodoro,

762 5591 844 5660 quiet
857 5587 914 5656 ipse
923 5583 1065 5656 praelectus
1076 5584 1200 5652 pretorio
1211 5582 1290 5637 ltaliae
1300 5594 1331 5635 ac
1344 5580 1466 5647 pellicio·
1478 5577 1526 5635 luit
1540 5597 1547 5634 ε

105 5632 252 5722 'eunochus
266 5661 327 5732 jure
338 5678 391 5719 nun
405 5662 523 5745 potuisse
537 5661 624 5732 arguit
636 5661 678 5717 let
693 5663 711 5717 l
762 5665 830 5715 atter
850 5673 922 5714 anrao
945 5657 980 5714 lli
1001 5653 1164 5720 lastiniani,
1191 5649 1397 5732 ordinariorum,
1409 5651 1548 5705 cortsolnm

105 5735 177 5792 tari:
194 5745 221 5792 ct
234 5735 396 5793 Claudianus
408 5750 435 5789 m
451 5735 617 5803 Eutropium,
630 5735 709 5787 Arma
761 5739 922 5799 postremus.
932 5756 968 5768 -
987 5725 1050 5783 ttae
1064 5735 1125 5819 uota
1139 5723 1172 5780 ad
1186 5737 1244 5795 pag.
1260 5720 1311 5793 10
1330 5728 1455 5791 pertinet
1470 5720 1547 5780 eor.
